<?xml version="1.0" ?><OAI-PMH xmlns="http://www.openarchives.org/OAI/2.0/" xmlns:xsi="http://www.w3.org/2001/XMLSchema-instance" xsi:schemaLocation="http://www.openarchives.org/OAI/2.0/ http://www.openarchives.org/OAI/2.0/OAI-PMH.xsd">
  <responseDate>2024-11-20T18:25:44Z</responseDate>
  <request resumptionToken="1900-01-01@all@UNIGE_ALL@marc21@5986529520005502" verb="ListRecords">https://slsp-unige.alma.exlibrisgroup.com/view/oai/41SLSP_UGE/request</request>
<ListRecords><record><header><identifier>oai:alma.41SLSP_UGE:991000799379705502</identifier><datestamp>2023-04-12T00:12:33Z</datestamp><setSpec>uge_bcen_RapidILL_BOOK</setSpec><setSpec>uge_aaca_RapidILL_BOOK</setSpec><setSpec>uge_abels_RapidILL_BOOK</setSpec><setSpec>uge_dbu_RapidILL_BOOK</setSpec><setSpec>uge_cmu_RapidILL_BOOK</setSpec><setSpec>uge_mail_RapidILL_BOOK</setSpec><setSpec>uge_abbat_RapidILL_BOOK</setSpec><setSpec>UNIGE_ALL</setSpec><setSpec>uge_aobs_RapidILL_BOOK</setSpec><setSpec>uge_acar_RapidILL_BOOK</setSpec></header><metadata>
<record xmlns="http://www.loc.gov/MARC21/slim" xmlns:xsi="http://www.w3.org/2001/XMLSchema-instance" xsi:schemaLocation="http://www.loc.gov/MARC21/slim http://www.loc.gov/standards/marcxml/schema/MARC21slim.xsd"><leader>01219nam a22003497c 4500</leader><controlfield tag="001">991000799379705502</controlfield><controlfield tag="005">20230410183032.0</controlfield><controlfield tag="008">201012s1985    ne            00| | eng  </controlfield><datafield ind1=" " ind2=" " tag="020"><subfield code="a">0444878394</subfield></datafield><datafield ind1=" " ind2=" " tag="035"><subfield code="a">(swissbib)235130125-41slsp_network</subfield></datafield><datafield ind1=" " ind2=" " tag="035"><subfield code="a">235130125</subfield><subfield code="9">ExL</subfield></datafield><datafield ind1=" " ind2=" " tag="035"><subfield code="a">(NEBIS)005113450EBI01</subfield></datafield><datafield ind1=" " ind2=" " tag="035"><subfield code="a">(RERO)1971523-41slsp</subfield></datafield><datafield ind1=" " ind2=" " tag="035"><subfield code="a">(EXLNZ-41SLSP_NETWORK)991129073289705501</subfield></datafield><datafield ind1=" " ind2=" " tag="040"><subfield code="a">SzZuIDS NEBIS METEO-CH</subfield><subfield code="d">CH-ZuSLS</subfield></datafield><datafield ind1=" " ind2="7" tag="072"><subfield code="a">in</subfield><subfield code="2">rero</subfield></datafield><datafield ind1="0" ind2="0" tag="245"><subfield code="a">X/OPEN</subfield><subfield code="b">portability guide</subfield><subfield code="c">[ed. panel: Philippe Bernadat ... et al.]</subfield></datafield><datafield ind1=" " ind2="1" tag="264"><subfield code="a">Amsterdam</subfield><subfield code="b">Elsevier</subfield><subfield code="c">[1985]</subfield></datafield><datafield ind1=" " ind2="4" tag="264"><subfield code="c">© 1985</subfield></datafield><datafield ind1=" " ind2=" " tag="300"><subfield code="a">1 vol. (pagination multiple)</subfield><subfield code="c">25 cm, classeur en boîte cartonnée</subfield></datafield><datafield ind1=" " ind2=" " tag="336"><subfield code="b">txt</subfield><subfield code="2">rdacontent</subfield></datafield><datafield ind1=" " ind2=" " tag="337"><subfield code="b">n</subfield><subfield code="2">rdamedia</subfield></datafield><datafield ind1=" " ind2=" " tag="338"><subfield code="b">nc</subfield><subfield code="2">rdacarrier</subfield></datafield><datafield ind1=" " ind2=" " tag="500"><subfield code="a">Loseblattsammlung</subfield></datafield><datafield ind1="0" ind2="0" tag="505"><subfield code="g">part 1</subfield><subfield code="t">&lt;&lt;The&gt;&gt; common applications environment</subfield></datafield><datafield ind1="0" ind2="0" tag="505"><subfield code="g">part 2</subfield><subfield code="t">&lt;&lt;The&gt;&gt; X/OPEN system V specification</subfield></datafield><datafield ind1="0" ind2="0" tag="505"><subfield code="g">part 3</subfield><subfield code="t">&lt;&lt;The&gt;&gt; C language</subfield></datafield><datafield ind1="0" ind2="0" tag="505"><subfield code="g">part 4</subfield><subfield code="t">&lt;&lt;The&gt;&gt; X/OPEN ISAM definition</subfield></datafield><datafield ind1="0" ind2="0" tag="505"><subfield code="g">part 5</subfield><subfield code="t">&lt;&lt;The&gt;&gt; X/OPEN COBOL definition</subfield></datafield><datafield ind1="0" ind2="0" tag="505"><subfield code="g">part 6</subfield><subfield code="t">Source code transfer</subfield></datafield><datafield ind1=" " ind2="7" tag="650"><subfield code="a">Logiciels</subfield><subfield code="x">Compatibilité</subfield><subfield code="0">(IDREF)027341305</subfield><subfield code="2">idref</subfield></datafield><datafield ind1="1" ind2=" " tag="700"><subfield code="a">Bernadat, Philippe</subfield></datafield><datafield ind1=" " ind2=" " tag="900"><subfield code="a">REROnoselfmerge</subfield></datafield></record>
</metadata></record>