<record><header><identifier>oai:alma.41SLSP_UGE:991000799689705502</identifier><datestamp>2023-03-03T01:07:25Z</datestamp><setSpec>uge_bcen_RapidILL_BOOK</setSpec><setSpec>uge_aaca_RapidILL_BOOK</setSpec><setSpec>uge_abels_RapidILL_BOOK</setSpec><setSpec>uge_dbu_RapidILL_BOOK</setSpec><setSpec>uge_cmu_RapidILL_BOOK</setSpec><setSpec>uge_mail_RapidILL_BOOK</setSpec><setSpec>uge_abbat_RapidILL_BOOK</setSpec><setSpec>UNIGE_ALL</setSpec><setSpec>uge_aobs_RapidILL_BOOK</setSpec><setSpec>uge_acar_RapidILL_BOOK</setSpec></header><metadata>
<record xmlns="http://www.loc.gov/MARC21/slim" xmlns:xsi="http://www.w3.org/2001/XMLSchema-instance" xsi:schemaLocation="http://www.loc.gov/MARC21/slim http://www.loc.gov/standards/marcxml/schema/MARC21slim.xsd"><leader>02133nam a2200457 c 4500</leader><controlfield tag="001">991000799689705502</controlfield><controlfield tag="005">20230302181410.0</controlfield><controlfield tag="008">201011s2001    gw ||||| |||| 10| ||eng d</controlfield><datafield ind1=" " ind2=" " tag="015"><subfield code="a">GFR-CIP-01,N42</subfield><subfield code="a">DNB-01,N42,0401</subfield></datafield><datafield ind1=" " ind2=" " tag="020"><subfield code="a">354042735X</subfield><subfield code="q">softcover : alk. paper</subfield></datafield><datafield ind1=" " ind2=" " tag="035"><subfield code="a">(swissbib)225067706-41slsp_network</subfield></datafield><datafield ind1=" " ind2=" " tag="035"><subfield code="a">225067706</subfield><subfield code="9">ExL</subfield></datafield><datafield ind1=" " ind2=" " tag="035"><subfield code="a">(RERO)R008804457-41slsp</subfield></datafield><datafield ind1=" " ind2=" " tag="035"><subfield code="a">(NEBIS)004216514EBI01</subfield></datafield><datafield ind1=" " ind2=" " tag="035"><subfield code="a">(EXLNZ-41SLSP_NETWORK)991008937199705501</subfield></datafield><datafield ind1=" " ind2=" " tag="040"><subfield code="a">DLC</subfield><subfield code="d">CH-ZuSLS</subfield></datafield><datafield ind1=" " ind2="0" tag="050"><subfield code="a">QA76.9.D3</subfield><subfield code="b">I59 2000</subfield></datafield><datafield ind1=" " ind2="7" tag="072"><subfield code="a">in</subfield><subfield code="2">rero</subfield></datafield><datafield ind1="0" ind2="0" tag="082"><subfield code="a">005.75</subfield><subfield code="2">21</subfield></datafield><datafield ind1="0" ind2="0" tag="245"><subfield code="a">Persistent object systems</subfield><subfield code="b">design, implementation, and use : 9th international workshop, POS-9, Lillehammer, Norway, September 6-8, 2000 : revised papers</subfield><subfield code="c">Graham N.C. Kirby, Alan Dearle, Dag I.K. Sjøberg (eds.)</subfield></datafield><datafield ind1="1" ind2=" " tag="246"><subfield code="a">POS-9</subfield></datafield><datafield ind1=" " ind2="1" tag="264"><subfield code="a">Berlin</subfield><subfield code="b">Springer</subfield><subfield code="c">2001</subfield></datafield><datafield ind1=" " ind2=" " tag="300"><subfield code="a">viii, 319 p.</subfield><subfield code="b">ill.</subfield><subfield code="c">23 cm</subfield></datafield><datafield ind1=" " ind2=" " tag="336"><subfield code="b">txt</subfield><subfield code="2">rdacontent</subfield></datafield><datafield ind1=" " ind2=" " tag="337"><subfield code="b">n</subfield><subfield code="2">rdamedia</subfield></datafield><datafield ind1=" " ind2=" " tag="338"><subfield code="b">nc</subfield><subfield code="2">rdacarrier</subfield></datafield><datafield ind1="0" ind2=" " tag="490"><subfield code="a">Lecture notes in computer science</subfield><subfield code="v">2135</subfield></datafield><datafield ind1=" " ind2=" " tag="500"><subfield code="a">Variante du titre: POS-9</subfield></datafield><datafield ind1=" " ind2=" " tag="504"><subfield code="a">Includes bibliographical references and index</subfield></datafield><datafield ind1=" " ind2="0" tag="650"><subfield code="a">Object-oriented programming (Computer science)</subfield><subfield code="v">Congresses</subfield></datafield><datafield ind1=" " ind2="7" tag="650"><subfield code="a">Programmation orientée objets (informatique)</subfield><subfield code="0">(IDREF)029548276</subfield><subfield code="2">idref</subfield></datafield><datafield ind1=" " ind2="7" tag="650"><subfield code="a">OBJEKTORIENTIERTE PROGRAMMIERUNG (PROGRAMMIERMETHODEN)</subfield><subfield code="9">ger</subfield><subfield code="0">(ETHUDK)000039304</subfield><subfield code="2">ethudk</subfield></datafield><datafield ind1=" " ind2="7" tag="650"><subfield code="a">PERSISTENZ (OBJEKTORIENTIERTE PROGRAMMIERUNG)</subfield><subfield code="9">ger</subfield><subfield code="0">(ETHUDK)000048070</subfield><subfield code="2">ethudk</subfield></datafield><datafield ind1=" " ind2="7" tag="655"><subfield code="a">Actes de congrès</subfield><subfield code="0">(IDREF)02886431X</subfield><subfield code="2">idref</subfield></datafield><datafield ind1=" " ind2="7" tag="655"><subfield code="a">Konferenzschrift</subfield><subfield code="z">Lillehammer</subfield><subfield code="y">2000</subfield><subfield code="2">gnd-content</subfield></datafield><datafield ind1="1" ind2=" " tag="700"><subfield code="a">Kirby, Graham N. C.</subfield><subfield code="d">1966-</subfield><subfield code="0">(RERO)A027488659</subfield></datafield><datafield ind1="2" ind2=" " tag="711"><subfield code="a">International Workshop on Persistent Object Systems</subfield><subfield code="0">(DE-588)5019433-1</subfield></datafield><datafield ind1="2" ind2=" " tag="711"><subfield code="a">International Workshop on Persistent Object Systems</subfield><subfield code="n">9</subfield><subfield code="d">2000</subfield><subfield code="c">Lillehammer</subfield><subfield code="0">(RERO)A027488660</subfield></datafield><datafield ind1="4" ind2="2" tag="856"><subfield code="3">Note de l'éditeur</subfield><subfield code="u">http://www.loc.gov/catdir/enhancements/fy0816/2001055002-d.html</subfield></datafield><datafield ind1=" " ind2="0" tag="830"><subfield code="a">Lecture notes in computer science</subfield><subfield code="n">1 (1973) - 2999 (2004)</subfield><subfield code="v">2135</subfield><subfield code="w">(NEBIS)000025969EBI01</subfield></datafield><datafield ind1=" " ind2=" " tag="900"><subfield code="a">REROnoselfmerge</subfield></datafield><datafield ind1=" " ind2=" " tag="910"><subfield code="a">LOC</subfield><subfield code="b">20180604</subfield><subfield code="c">Réutilisation sous conditions</subfield></datafield></record>
</metadata></record>