<record><header><identifier>oai:alma.41SLSP_UGE:991000800219705502</identifier><datestamp>2023-03-27T00:13:16Z</datestamp><setSpec>uge_bcen_RapidILL_BOOK</setSpec><setSpec>uge_aaca_RapidILL_BOOK</setSpec><setSpec>uge_abels_RapidILL_BOOK</setSpec><setSpec>uge_dbu_RapidILL_BOOK</setSpec><setSpec>uge_cmu_RapidILL_BOOK</setSpec><setSpec>uge_mail_RapidILL_BOOK</setSpec><setSpec>uge_abbat_RapidILL_BOOK</setSpec><setSpec>UNIGE_ALL</setSpec><setSpec>uge_acar_RapidILL_BOOK</setSpec><setSpec>uge_aobs_RapidILL_BOOK</setSpec></header><metadata>
<record xmlns="http://www.loc.gov/MARC21/slim" xmlns:xsi="http://www.w3.org/2001/XMLSchema-instance" xsi:schemaLocation="http://www.loc.gov/MARC21/slim http://www.loc.gov/standards/marcxml/schema/MARC21slim.xsd"><leader>01378nam a2200385 c 4500</leader><controlfield tag="001">991000800219705502</controlfield><controlfield tag="005">20230326203252.0</controlfield><controlfield tag="008">170125s2017    sz ||||| |||| 00| ||eng d</controlfield><datafield ind1=" " ind2=" " tag="020"><subfield code="a">331942968X</subfield></datafield><datafield ind1=" " ind2=" " tag="020"><subfield code="a">9783319429687</subfield></datafield><datafield ind1=" " ind2=" " tag="035"><subfield code="a">(swissbib)123572126-41slsp_network</subfield></datafield><datafield ind1=" " ind2=" " tag="035"><subfield code="a">123572126</subfield><subfield code="9">ExL</subfield></datafield><datafield ind1=" " ind2=" " tag="035"><subfield code="a">(RERO)R008589347-41slsp</subfield></datafield><datafield ind1=" " ind2=" " tag="035"><subfield code="a">(EXLNZ-41SLSP_NETWORK)991066499359705501</subfield></datafield><datafield ind1=" " ind2=" " tag="040"><subfield code="a">BTCTA</subfield><subfield code="b">eng</subfield><subfield code="d">CH-ZuSLS</subfield></datafield><datafield ind1=" " ind2="7" tag="072"><subfield code="a">ss</subfield><subfield code="2">rero</subfield></datafield><datafield ind1="0" ind2="0" tag="245"><subfield code="a">Comparative perspectives on work-life balance and gender equality</subfield><subfield code="b">fathers on leave alone</subfield><subfield code="c">ed. by Margaret O'Brien and Karin Wall</subfield></datafield><datafield ind1=" " ind2="1" tag="264"><subfield code="a">[Basel]</subfield><subfield code="b">Springer Open</subfield><subfield code="c">[2017]</subfield></datafield><datafield ind1=" " ind2="4" tag="264"><subfield code="c">© 2017</subfield></datafield><datafield ind1=" " ind2=" " tag="300"><subfield code="a">266 p.</subfield><subfield code="b">ill.</subfield></datafield><datafield ind1=" " ind2=" " tag="336"><subfield code="b">txt</subfield><subfield code="2">rdacontent</subfield></datafield><datafield ind1=" " ind2=" " tag="337"><subfield code="b">n</subfield><subfield code="2">rdamedia</subfield></datafield><datafield ind1=" " ind2=" " tag="338"><subfield code="b">nc</subfield><subfield code="2">rdacarrier</subfield></datafield><datafield ind1="1" ind2=" " tag="490"><subfield code="a">Life course research and social policies</subfield><subfield code="x">2211-7776</subfield><subfield code="v">6</subfield></datafield><datafield ind1=" " ind2="0" tag="650"><subfield code="a">Fatherhood</subfield></datafield><datafield ind1=" " ind2="0" tag="650"><subfield code="a">Parental leave</subfield></datafield><datafield ind1=" " ind2="0" tag="650"><subfield code="a">Work and family</subfield></datafield><datafield ind1=" " ind2="0" tag="650"><subfield code="a">Work-life balance</subfield></datafield><datafield ind1=" " ind2="7" tag="650"><subfield code="a">Paternité</subfield><subfield code="0">(IDREF)050610465</subfield><subfield code="2">idref</subfield></datafield><datafield ind1=" " ind2="7" tag="650"><subfield code="a">Rôle parental</subfield><subfield code="0">(IDREF)031661777</subfield><subfield code="2">idref</subfield></datafield><datafield ind1=" " ind2="7" tag="650"><subfield code="a">Études sur le genre</subfield><subfield code="0">(IDREF)14854200X</subfield><subfield code="2">idref</subfield></datafield><datafield ind1="1" ind2=" " tag="700"><subfield code="a">O'Brien, Margaret</subfield><subfield code="0">(IDREF)075726629</subfield></datafield><datafield ind1="1" ind2=" " tag="700"><subfield code="a">Wall, Karin</subfield><subfield code="c">sociologue</subfield><subfield code="d">1955-....</subfield><subfield code="0">(IDREF)102800510</subfield></datafield><datafield ind1=" " ind2="0" tag="830"><subfield code="a">Life course research and social policies</subfield><subfield code="v">6</subfield><subfield code="w">(RERO)R007223047-41slsp</subfield></datafield><datafield ind1=" " ind2=" " tag="900"><subfield code="a">REROnoselfmerge</subfield></datafield><datafield ind1=" " ind2=" " tag="910"><subfield code="a">OCoLC</subfield><subfield code="b">20170125</subfield><subfield code="c">Droits réservés</subfield></datafield></record>
</metadata></record>