<record><header><identifier>oai:alma.41SLSP_UGE:991000800199705502</identifier><datestamp>2023-04-10T00:47:07Z</datestamp><setSpec>uge_bcen_RapidILL_BOOK</setSpec><setSpec>uge_aaca_RapidILL_BOOK</setSpec><setSpec>uge_abels_RapidILL_BOOK</setSpec><setSpec>uge_dbu_RapidILL_BOOK</setSpec><setSpec>uge_cmu_RapidILL_BOOK</setSpec><setSpec>uge_mail_RapidILL_BOOK</setSpec><setSpec>uge_abbat_RapidILL_BOOK</setSpec><setSpec>UNIGE_ALL</setSpec><setSpec>uge_acar_RapidILL_BOOK</setSpec><setSpec>uge_aobs_RapidILL_BOOK</setSpec></header><metadata>
<record xmlns="http://www.loc.gov/MARC21/slim" xmlns:xsi="http://www.w3.org/2001/XMLSchema-instance" xsi:schemaLocation="http://www.loc.gov/MARC21/slim http://www.loc.gov/standards/marcxml/schema/MARC21slim.xsd"><leader>01593nam a2200445 c 4500</leader><controlfield tag="001">991000800199705502</controlfield><controlfield tag="005">20230409210716.0</controlfield><controlfield tag="008">201012s1990    it ||||| |||| 00| ||ita d</controlfield><datafield ind1=" " ind2=" " tag="019"><subfield code="a">Boiardo, Matteo Maria (1441-1494) / Kobe</subfield></datafield><datafield ind1=" " ind2=" " tag="020"><subfield code="a">8811584019</subfield></datafield><datafield ind1=" " ind2=" " tag="035"><subfield code="a">(swissbib)237978113-41slsp_network</subfield></datafield><datafield ind1=" " ind2=" " tag="035"><subfield code="a">237978113</subfield><subfield code="9">ExL</subfield></datafield><datafield ind1=" " ind2=" " tag="035"><subfield code="a">(RERO)1346875-41slsp</subfield></datafield><datafield ind1=" " ind2=" " tag="035"><subfield code="a">(NEBIS)001155631EBI01</subfield></datafield><datafield ind1=" " ind2=" " tag="035"><subfield code="a">(IDSBB)000913321DSV01</subfield></datafield><datafield ind1=" " ind2=" " tag="035"><subfield code="a">(EXLNZ-41SLSP_NETWORK)991038270559705501</subfield></datafield><datafield ind1=" " ind2=" " tag="040"><subfield code="a">RERO geulit</subfield><subfield code="d">CH-ZuSLS</subfield></datafield><datafield ind1=" " ind2="7" tag="072"><subfield code="a">it</subfield><subfield code="2">rero</subfield></datafield><datafield ind1=" " ind2="7" tag="072"><subfield code="a">it</subfield><subfield code="2">SzZuIDS BS/BE</subfield></datafield><datafield ind1="0" ind2="4" tag="082"><subfield code="a">851.2</subfield></datafield><datafield ind1=" " ind2=" " tag="084"><subfield code="a">IU 4345</subfield><subfield code="2">rvk</subfield></datafield><datafield ind1="1" ind2=" " tag="100"><subfield code="6">880-01</subfield><subfield code="a">Boiardo, Matteo Maria</subfield><subfield code="d">144.-1494</subfield><subfield code="0">(IDREF)028991605</subfield><subfield code="4">cre</subfield></datafield><datafield ind1="1" ind2=" " tag="880"><subfield code="a">Boiardo, Matteo Maria</subfield><subfield code="d">1440-1494</subfield><subfield code="0">(DE-588)11866106X</subfield><subfield code="6">100-01</subfield></datafield><datafield ind1="1" ind2="0" tag="240"><subfield code="a">Amorum libri</subfield></datafield><datafield ind1="1" ind2="0" tag="245"><subfield code="a">Canzoniere</subfield><subfield code="b">(Amorum libri)</subfield><subfield code="c">Matteo Maria Boiardo ; introd. e note di Claudia Micocci</subfield></datafield><datafield ind1=" " ind2="1" tag="264"><subfield code="a">Milano</subfield><subfield code="b">Garzanti</subfield><subfield code="c">1990</subfield></datafield><datafield ind1=" " ind2=" " tag="300"><subfield code="a">XXXVI, 244 p.</subfield><subfield code="c">18 cm</subfield></datafield><datafield ind1=" " ind2=" " tag="336"><subfield code="b">txt</subfield><subfield code="2">rdacontent</subfield></datafield><datafield ind1=" " ind2=" " tag="337"><subfield code="b">n</subfield><subfield code="2">rdamedia</subfield></datafield><datafield ind1=" " ind2=" " tag="338"><subfield code="b">nc</subfield><subfield code="2">rdacarrier</subfield></datafield><datafield ind1="1" ind2=" " tag="490"><subfield code="a">Grandi libri Garzanti</subfield><subfield code="v">401</subfield></datafield><datafield ind1=" " ind2=" " tag="500"><subfield code="a">Einheitssachtitel: Amorum libri</subfield></datafield><datafield ind1=" " ind2=" " tag="504"><subfield code="a">Literaturverz.</subfield></datafield><datafield ind1=" " ind2="7" tag="650"><subfield code="a">Italienisch</subfield><subfield code="2">idszbz</subfield></datafield><datafield ind1=" " ind2="7" tag="650"><subfield code="a">Liebeslyrik</subfield><subfield code="2">idszbz</subfield></datafield><datafield ind1=" " ind2="7" tag="655"><subfield code="a">Ausgabe</subfield><subfield code="2">idszbz</subfield></datafield><datafield ind1="1" ind2=" " tag="700"><subfield code="a">Micocci, Claudia</subfield><subfield code="0">(IDREF)030466156</subfield></datafield><datafield ind1="4" ind2=" " tag="856"><subfield code="3">Inhaltsverzeichnis</subfield><subfield code="u">http://www.ub.unibas.ch/tox/HBZ/HT003983945/PDF</subfield><subfield code="q">pdf</subfield></datafield><datafield ind1=" " ind2="0" tag="830"><subfield code="a">&lt;&lt;I&gt;&gt; Grandi libri Garzanti</subfield><subfield code="v">401</subfield><subfield code="w">(NEBIS)001000532EBI01</subfield></datafield><datafield ind1=" " ind2="0" tag="830"><subfield code="a">&lt;&lt;I&gt;&gt; Grandi Libri</subfield><subfield code="p">Garzanti</subfield><subfield code="v">401</subfield><subfield code="w">(RERO)0337747-41slsp</subfield></datafield><datafield ind1=" " ind2=" " tag="949"><subfield code="a">http://www.ub.unibas.ch/tox/HBZ/HT003983945/PDF</subfield></datafield><datafield ind1=" " ind2=" " tag="993"><subfield code="a">BFLA 48855</subfield><subfield code="x">ge/ulit/a/91/75</subfield><subfield code="9">LOCAL</subfield></datafield></record>
</metadata></record>