<record><header><identifier>oai:alma.41SLSP_UGE:991000800099705502</identifier><datestamp>2024-03-20T02:52:22Z</datestamp><setSpec>uge_bcen_RapidILL_BOOK</setSpec><setSpec>uge_aaca_RapidILL_BOOK</setSpec><setSpec>uge_abels_RapidILL_BOOK</setSpec><setSpec>uge_dbu_RapidILL_BOOK</setSpec><setSpec>uge_cmu_RapidILL_BOOK</setSpec><setSpec>uge_mail_RapidILL_BOOK</setSpec><setSpec>uge_abbat_RapidILL_BOOK</setSpec><setSpec>UNIGE_ALL</setSpec><setSpec>uge_aobs_RapidILL_BOOK</setSpec><setSpec>uge_acar_RapidILL_BOOK</setSpec></header><metadata>
<record xmlns="http://www.loc.gov/MARC21/slim" xmlns:xsi="http://www.w3.org/2001/XMLSchema-instance" xsi:schemaLocation="http://www.loc.gov/MARC21/slim http://www.loc.gov/standards/marcxml/schema/MARC21slim.xsd"><leader>01728nam a2200385 ca4500</leader><controlfield tag="001">991000800099705502</controlfield><controlfield tag="005">20240319215227.0</controlfield><controlfield tag="008">201012t19891989au ||||| |||| 00| ||ger d</controlfield><datafield ind1=" " ind2=" " tag="019"><subfield code="a">Übergeordnete Aufnahme = Niveau supérieur = Livello superiore</subfield><subfield code="5">SLSP/2020</subfield></datafield><datafield ind1=" " ind2=" " tag="035"><subfield code="a">(swissbib)23493624X-41slsp_network</subfield></datafield><datafield ind1=" " ind2=" " tag="035"><subfield code="a">23493624X</subfield><subfield code="9">ExL</subfield></datafield><datafield ind1=" " ind2=" " tag="035"><subfield code="a">(RERO)1238572-41slsp</subfield></datafield><datafield ind1=" " ind2=" " tag="035"><subfield code="a">(NEBIS)000924129EBI01</subfield></datafield><datafield ind1=" " ind2=" " tag="035"><subfield code="a">(EXLNZ-41SLSP_NETWORK)991093191089705501</subfield></datafield><datafield ind1=" " ind2=" " tag="040"><subfield code="a">RERO geuarc</subfield><subfield code="d">CH-ZuSLS</subfield></datafield><datafield ind1="1" ind2=" " tag="041"><subfield code="a">ger</subfield><subfield code="h">eng</subfield></datafield><datafield ind1=" " ind2="7" tag="072"><subfield code="a">at</subfield><subfield code="2">rero</subfield></datafield><datafield ind1="0" ind2="0" tag="245"><subfield code="a">Wittgenstein</subfield><subfield code="c">Wiener Secession ; [red. Michael Huter]</subfield></datafield><datafield ind1=" " ind2="1" tag="264"><subfield code="a">Wien</subfield><subfield code="b">Wiener Secession</subfield><subfield code="c">[1989]</subfield></datafield><datafield ind1=" " ind2="4" tag="264"><subfield code="c">© 1989</subfield></datafield><datafield ind1=" " ind2=" " tag="300"><subfield code="a">2 vol.</subfield><subfield code="c">27 cm</subfield></datafield><datafield ind1=" " ind2=" " tag="336"><subfield code="b">txt</subfield><subfield code="2">rdacontent</subfield></datafield><datafield ind1=" " ind2=" " tag="337"><subfield code="b">n</subfield><subfield code="2">rdamedia</subfield></datafield><datafield ind1=" " ind2=" " tag="338"><subfield code="b">nc</subfield><subfield code="2">rdacarrier</subfield></datafield><datafield ind1=" " ind2=" " tag="500"><subfield code="a">Exposition. Bruxelles. Palais des Beaux-Arts. 1989-1990</subfield></datafield><datafield ind1=" " ind2=" " tag="500"><subfield code="a">Ausstellungsdaten: Wittgenstein : eine Ausstellung der Wiener Secession, Wiener Secession, 13. September - 29. Oktober 1989, Palais des Beaux-Arts, Brüssel, 15. Dezember 1989 - 28. Januar 1990&quot;</subfield></datafield><datafield ind1="1" ind2="7" tag="600"><subfield code="a">Wittgenstein, Ludwig</subfield><subfield code="d">1889-1951</subfield><subfield code="0">(IDREF)027198715</subfield><subfield code="2">idref</subfield></datafield><datafield ind1="1" ind2="7" tag="600"><subfield code="a">Wittgenstein, Ludwig</subfield><subfield code="d">1889-1951</subfield><subfield code="0">(DE-588)118634313</subfield><subfield code="2">gnd</subfield></datafield><datafield ind1="2" ind2="7" tag="610"><subfield code="a">Secessionsgebäude</subfield><subfield code="g">Vienne</subfield><subfield code="0">(IDREF)22553794X</subfield><subfield code="2">idref</subfield></datafield><datafield ind1=" " ind2="7" tag="655"><subfield code="a">Konferenzschrift</subfield><subfield code="z">Bruxelles</subfield><subfield code="y">1989</subfield><subfield code="2">gnd-content</subfield></datafield><datafield ind1=" " ind2="7" tag="655"><subfield code="a">Konferenzschrift</subfield><subfield code="z">Wien</subfield><subfield code="y">1989</subfield><subfield code="2">gnd-content</subfield></datafield><datafield ind1="1" ind2=" " tag="700"><subfield code="a">Huter, Michael</subfield><subfield code="d">1954-....</subfield><subfield code="0">(IDREF)251227200</subfield></datafield><datafield ind1="2" ind2=" " tag="710"><subfield code="a">Vereinigung Bildender KünstlerInnen Wiener Secession</subfield><subfield code="0">(DE-588)10033870-7</subfield></datafield><datafield ind1="2" ind2=" " tag="710"><subfield code="a">Wiener Secession</subfield><subfield code="g">groupe d'artistes</subfield><subfield code="g">1897-2001</subfield><subfield code="0">(IDREF)026433095</subfield></datafield><datafield ind1="2" ind2=" " tag="711"><subfield code="a">Wittgenstein (1989 ; Wien + 1989-1990 ; Brüssel)</subfield><subfield code="0">(DE-588)1091957592</subfield></datafield><datafield ind1=" " ind2=" " tag="900"><subfield code="a">REROnoselfmerge</subfield></datafield></record>
</metadata></record>