<record><header><identifier>oai:alma.41SLSP_UGE:991000799509705502</identifier><datestamp>2023-03-01T01:09:36Z</datestamp><setSpec>uge_bcen_RapidILL_BOOK</setSpec><setSpec>uge_aaca_RapidILL_BOOK</setSpec><setSpec>uge_abels_RapidILL_BOOK</setSpec><setSpec>uge_dbu_RapidILL_BOOK</setSpec><setSpec>uge_cmu_RapidILL_BOOK</setSpec><setSpec>uge_mail_RapidILL_BOOK</setSpec><setSpec>UNIGE_ALL</setSpec><setSpec>uge_abbat_RapidILL_BOOK</setSpec><setSpec>uge_aobs_RapidILL_BOOK</setSpec><setSpec>uge_acar_RapidILL_BOOK</setSpec></header><metadata>
<record xmlns="http://www.loc.gov/MARC21/slim" xmlns:xsi="http://www.w3.org/2001/XMLSchema-instance" xsi:schemaLocation="http://www.loc.gov/MARC21/slim http://www.loc.gov/standards/marcxml/schema/MARC21slim.xsd"><leader>01328nam a2200289 c 4500</leader><controlfield tag="001">991000799509705502</controlfield><controlfield tag="005">20201231095528.0</controlfield><controlfield tag="008">201012s1979    gw ||||| |||| 00| ||ger d</controlfield><datafield ind1=" " ind2=" " tag="020"><subfield code="a">3597100929</subfield></datafield><datafield ind1=" " ind2=" " tag="035"><subfield code="a">(swissbib)235613967-41slsp_network</subfield></datafield><datafield ind1=" " ind2=" " tag="035"><subfield code="a">235613967</subfield><subfield code="9">ExL</subfield></datafield><datafield ind1=" " ind2=" " tag="035"><subfield code="a">(RERO)0734199-41slsp</subfield></datafield><datafield ind1=" " ind2=" " tag="035"><subfield code="a">(NEBIS)000189740EBI01</subfield></datafield><datafield ind1=" " ind2=" " tag="035"><subfield code="a">(EXLNZ-41SLSP_NETWORK)991022413239705501</subfield></datafield><datafield ind1=" " ind2=" " tag="040"><subfield code="a">RERO geudbu</subfield><subfield code="d">CH-ZuSLS</subfield></datafield><datafield ind1=" " ind2="7" tag="072"><subfield code="a">in</subfield><subfield code="2">rero</subfield></datafield><datafield ind1="0" ind2="0" tag="245"><subfield code="a">Zweiweg-Kabelfernsehen und bürgernahe Verwaltung</subfield><subfield code="b">[Ergebnisbericht eines Forschungsvorhabens zum &quot;Laborprojekt Zweiweg-Kabelfernsehen (NT 0731) des Heinrich-Hertz-Institut für Nachrichtentechnik Berlin GmbH, Projektlaufzeit Januar bis Mai 1977]</subfield><subfield code="c">Manfred Birreck...[et al.]</subfield></datafield><datafield ind1=" " ind2="1" tag="264"><subfield code="a">München</subfield><subfield code="b">Minerva Publikation</subfield><subfield code="c">1979</subfield></datafield><datafield ind1=" " ind2=" " tag="300"><subfield code="a">XVI, 265 p.</subfield><subfield code="b">ill.</subfield><subfield code="c">21 cm</subfield></datafield><datafield ind1=" " ind2=" " tag="336"><subfield code="b">txt</subfield><subfield code="2">rdacontent</subfield></datafield><datafield ind1=" " ind2=" " tag="337"><subfield code="b">n</subfield><subfield code="2">rdamedia</subfield></datafield><datafield ind1=" " ind2=" " tag="338"><subfield code="b">nc</subfield><subfield code="2">rdacarrier</subfield></datafield><datafield ind1="1" ind2=" " tag="490"><subfield code="a">Beiträge des Instituts für Zukunftsforschung</subfield><subfield code="v">3</subfield></datafield><datafield ind1=" " ind2="7" tag="650"><subfield code="a">KABELFERNSEHEN + DRAHTFERNSEHEN (NACHRICHTENWESEN)</subfield><subfield code="9">ger</subfield><subfield code="0">(ETHUDK)000032279</subfield><subfield code="2">ethudk</subfield></datafield><datafield ind1=" " ind2="7" tag="650"><subfield code="a">VERWALTUNGSTECHNIK (ÖFFENTLICHE VERWALTUNG)</subfield><subfield code="9">ger</subfield><subfield code="0">(ETHUDK)000011620</subfield><subfield code="2">ethudk</subfield></datafield><datafield ind1="1" ind2=" " tag="700"><subfield code="a">Birreck, Manfred</subfield><subfield code="0">(RERO)A003009172</subfield></datafield><datafield ind1=" " ind2=" " tag="830"><subfield code="a">Beiträge des Instituts für Zukunftsforschung</subfield><subfield code="v">3</subfield><subfield code="w">(NEBIS)000036397EBI01</subfield></datafield><datafield ind1=" " ind2=" " tag="900"><subfield code="a">REROnoselfmerge</subfield></datafield></record>
</metadata></record>