<record><header><identifier>oai:alma.41SLSP_UGE:991000800239705502</identifier><datestamp>2023-03-01T01:09:36Z</datestamp><setSpec>uge_bcen_RapidILL_BOOK</setSpec><setSpec>uge_aaca_RapidILL_BOOK</setSpec><setSpec>uge_abels_RapidILL_BOOK</setSpec><setSpec>uge_dbu_RapidILL_BOOK</setSpec><setSpec>uge_cmu_RapidILL_BOOK</setSpec><setSpec>uge_mail_RapidILL_BOOK</setSpec><setSpec>UNIGE_ALL</setSpec><setSpec>uge_abbat_RapidILL_BOOK</setSpec><setSpec>uge_aobs_RapidILL_BOOK</setSpec><setSpec>uge_acar_RapidILL_BOOK</setSpec></header><metadata>
<record xmlns="http://www.loc.gov/MARC21/slim" xmlns:xsi="http://www.w3.org/2001/XMLSchema-instance" xsi:schemaLocation="http://www.loc.gov/MARC21/slim http://www.loc.gov/standards/marcxml/schema/MARC21slim.xsd"><leader>01747nam a2200445 c 4500</leader><controlfield tag="001">991000800239705502</controlfield><controlfield tag="005">20230216204039.0</controlfield><controlfield tag="008">201011s1967    it ||||| |||| 00| ||lat d</controlfield><datafield ind1=" " ind2=" " tag="035"><subfield code="a">(swissbib)230634842-41slsp_network</subfield></datafield><datafield ind1=" " ind2=" " tag="035"><subfield code="a">230634842</subfield><subfield code="9">ExL</subfield></datafield><datafield ind1=" " ind2=" " tag="035"><subfield code="a">(RERO)1651377-41slsp</subfield></datafield><datafield ind1=" " ind2=" " tag="035"><subfield code="a">(IDSBB)000494754DSV01</subfield></datafield><datafield ind1=" " ind2=" " tag="035"><subfield code="a">(NEBIS)003134190EBI01</subfield></datafield><datafield ind1=" " ind2=" " tag="035"><subfield code="a">(EXLNZ-41SLSP_NETWORK)991089064559705501</subfield></datafield><datafield ind1=" " ind2=" " tag="040"><subfield code="a">RERO geulgm</subfield><subfield code="d">CH-ZuSLS</subfield></datafield><datafield ind1="0" ind2=" " tag="041"><subfield code="a">lat</subfield><subfield code="a">ita</subfield><subfield code="a">grc</subfield></datafield><datafield ind1=" " ind2="7" tag="072"><subfield code="a">ht</subfield><subfield code="2">rero</subfield></datafield><datafield ind1=" " ind2="7" tag="072"><subfield code="a">ag</subfield><subfield code="2">SzZuIDS BS/BE</subfield></datafield><datafield ind1="1" ind2="4" tag="082"><subfield code="a">930</subfield><subfield code="2">15</subfield></datafield><datafield ind1="1" ind2=" " tag="100"><subfield code="a">Pertusi, Agostino</subfield><subfield code="d">1918-1979</subfield><subfield code="0">(IDREF)028381912</subfield><subfield code="4">cre</subfield></datafield><datafield ind1="1" ind2="0" tag="245"><subfield code="a">Storiografia umanistica e mondo bizantino</subfield><subfield code="c">Agostino Pertusi</subfield></datafield><datafield ind1=" " ind2="1" tag="264"><subfield code="a">Palermo</subfield><subfield code="b">[éditeur non identifié]</subfield><subfield code="c">1967</subfield></datafield><datafield ind1=" " ind2="3" tag="264"><subfield code="a">Palermo</subfield><subfield code="b">Tipografia Mori</subfield></datafield><datafield ind1=" " ind2=" " tag="300"><subfield code="a">128 p.</subfield><subfield code="b">ill.</subfield><subfield code="c">25 cm</subfield></datafield><datafield ind1=" " ind2=" " tag="336"><subfield code="b">txt</subfield><subfield code="2">rdacontent</subfield></datafield><datafield ind1=" " ind2=" " tag="337"><subfield code="b">n</subfield><subfield code="2">rdamedia</subfield></datafield><datafield ind1=" " ind2=" " tag="338"><subfield code="b">nc</subfield><subfield code="2">rdacarrier</subfield></datafield><datafield ind1="1" ind2=" " tag="490"><subfield code="a">Pubblicazioni dell'Istituto siciliano di studi bizantini e neoellenici. Quaderni</subfield><subfield code="v">5</subfield></datafield><datafield ind1=" " ind2="7" tag="650"><subfield code="a">Humanisme de la Renaissance</subfield><subfield code="0">(IDREF)027399389</subfield><subfield code="2">idref</subfield></datafield><datafield ind1=" " ind2="4" tag="650"><subfield code="a">Geschichtsschreibung</subfield></datafield><datafield ind1=" " ind2="7" tag="650"><subfield code="a">Byzantinistik</subfield><subfield code="0">(DE-588)4147095-3</subfield><subfield code="2">gnd</subfield></datafield><datafield ind1=" " ind2="7" tag="650"><subfield code="a">Geschichtsschreibung</subfield><subfield code="0">(DE-588)4020531-9</subfield><subfield code="2">gnd</subfield></datafield><datafield ind1=" " ind2="7" tag="650"><subfield code="a">Renaissance</subfield><subfield code="0">(DE-588)4049450-0</subfield><subfield code="2">gnd</subfield></datafield><datafield ind1=" " ind2="7" tag="651"><subfield code="a">Empire byzantin</subfield><subfield code="0">(IDREF)027472906</subfield><subfield code="2">idref</subfield></datafield><datafield ind1=" " ind2="4" tag="651"><subfield code="a">Byzantinisches Reich</subfield></datafield><datafield ind1=" " ind2="7" tag="651"><subfield code="a">Byzantinisches Reich</subfield><subfield code="0">(DE-588)4009256-2</subfield><subfield code="2">gnd</subfield></datafield><datafield ind1=" " ind2="0" tag="651"><subfield code="a">Byzantine Empire</subfield><subfield code="x">Historiography</subfield></datafield><datafield ind1=" " ind2=" " tag="830"><subfield code="a">Quaderni</subfield><subfield code="g">Istituto siciliano di studi bizantini e neoellenici &quot;Bruno Lavagnini&quot;</subfield><subfield code="v">5</subfield><subfield code="w">(NEBIS)006081330EBI01</subfield></datafield><datafield ind1=" " ind2=" " tag="830"><subfield code="a">Pubblicazioni dell'Istituto Siciliano di Studi Bizantini e Neoellenici</subfield><subfield code="p">Quaderni</subfield><subfield code="v">5</subfield><subfield code="w">(RERO)0187686-41slsp</subfield></datafield><datafield ind1=" " ind2=" " tag="900"><subfield code="a">REROnoselfmerge</subfield></datafield><datafield ind1=" " ind2=" " tag="900"><subfield code="a">IDSZRMedeaZBZ</subfield><subfield code="b">IDSZRSWK</subfield></datafield></record>
</metadata></record>