<record><header><identifier>oai:alma.41SLSP_UGE:991000799929705502</identifier><datestamp>2023-06-26T00:15:08Z</datestamp><setSpec>UNIGE_ALL</setSpec></header><metadata>
<record xmlns="http://www.loc.gov/MARC21/slim" xmlns:xsi="http://www.w3.org/2001/XMLSchema-instance" xsi:schemaLocation="http://www.loc.gov/MARC21/slim http://www.loc.gov/standards/marcxml/schema/MARC21slim.xsd"><leader>03085ngm a2200433 c 4500</leader><controlfield tag="001">991000799929705502</controlfield><controlfield tag="005">20230625173048.0</controlfield><controlfield tag="007">vd |v||||</controlfield><controlfield tag="008">000923s1999    fr ||| |          v|fre d</controlfield><datafield ind1="4" ind2="2" tag="028"><subfield code="a">Z7 17737</subfield></datafield><datafield ind1=" " ind2=" " tag="035"><subfield code="a">(swissbib)095866299-41slsp_network</subfield></datafield><datafield ind1=" " ind2=" " tag="035"><subfield code="a">095866299</subfield><subfield code="9">ExL</subfield></datafield><datafield ind1=" " ind2=" " tag="035"><subfield code="a">(RERO)R272060860-41slsp</subfield></datafield><datafield ind1=" " ind2=" " tag="035"><subfield code="a">(EXLNZ-41SLSP_NETWORK)991108215019705501</subfield></datafield><datafield ind1=" " ind2=" " tag="040"><subfield code="a">RERO frbcuc</subfield><subfield code="d">CH-ZuSLS</subfield></datafield><datafield ind1="1" ind2=" " tag="041"><subfield code="a">fre</subfield><subfield code="a">eng</subfield><subfield code="a">ita</subfield><subfield code="a">dut</subfield><subfield code="a">ara</subfield><subfield code="a">spa</subfield><subfield code="a">ger</subfield><subfield code="h">eng</subfield></datafield><datafield ind1=" " ind2="7" tag="072"><subfield code="a">ba</subfield><subfield code="2">rero</subfield></datafield><datafield ind1="0" ind2="0" tag="245"><subfield code="a">Matrix</subfield><subfield code="c">écrit et réal. par the Wachowski Brothers ; musique de Don Davis ; prod. par Joel Siver</subfield></datafield><datafield ind1=" " ind2="1" tag="264"><subfield code="a">[Paris]</subfield><subfield code="b">Warner Home Video France</subfield><subfield code="c">1999</subfield></datafield><datafield ind1=" " ind2=" " tag="300"><subfield code="a">1 DVD vidéo</subfield></datafield><datafield ind1=" " ind2=" " tag="336"><subfield code="b">tdi</subfield><subfield code="2">rdacontent</subfield></datafield><datafield ind1=" " ind2=" " tag="337"><subfield code="b">v</subfield><subfield code="2">rdamedia</subfield></datafield><datafield ind1=" " ind2=" " tag="338"><subfield code="b">vd</subfield><subfield code="2">rdacarrier</subfield></datafield><datafield ind1=" " ind2=" " tag="385"><subfield code="a">Dès 14 ans</subfield><subfield code="2">rero</subfield></datafield><datafield ind1=" " ind2=" " tag="500"><subfield code="a">Traduit de: The matrix</subfield></datafield><datafield ind1=" " ind2=" " tag="500"><subfield code="a">Choix de langues en Dolby Digital 5.1: Anglais, français. Choix de sous-titres: Français, anglais, italien, néerlandais, arabe, espagnol, allemand</subfield></datafield><datafield ind1=" " ind2=" " tag="500"><subfield code="a">Format: écran 16:9 (Zone 2)</subfield></datafield><datafield ind1=" " ind2=" " tag="500"><subfield code="a">Une prod.: Village Roadshow Pictures - Groucho II Film Partnership - Silver Pictures, cop. 1999</subfield></datafield><datafield ind1=" " ind2=" " tag="500"><subfield code="a">Durée du film: ca. 131 min.</subfield></datafield><datafield ind1=" " ind2=" " tag="500"><subfield code="a">Comporte également: Menus interactifs, reportage sur les coulisses du tournage, secrets des effets spéciaux, dessins et storyboards originaux, chapitrage. Bonus accessibles avec un lecteur DVD-ROM (V.O. uniquement): Quizz sur le film, évolution du scénario et des storyboards, sources d'inspiration du film, accès direct aux scènes de Kung Fu, liens Internet</subfield></datafield><datafield ind1=" " ind2=" " tag="508"><subfield code="a">Montage Zach Staenberg ; prod. des décors Owen Paterson ; dir. de la photogr. Bill Pope ; co-prod. Dan Cracchiolo ; prod. exécutifs Barrie Osborne, Andrew Mason, Andy Wachowski, Larry Wachowski, Erwin Stoff et Bruce Berman</subfield></datafield><datafield ind1="0" ind2=" " tag="511"><subfield code="a">Keanu Reeves ; Laurence Fishburne ; Carrie-Anne Moss ; Hugo Weaving ; Joe Pantoliano ... et al.</subfield></datafield><datafield ind1="8" ind2=" " tag="520"><subfield code="a">Synopsis : Programmeur anonyme dans un service administratif le jour, Thomas Anderson devient Neo la nuit venue. Sous ce pseudonyme, il est l'un des pirates les plus recherchés du cyber-espace. A cheval entre deux mondes, Neo est assailli par d'étranges songes et des messages cryptés provenant d'un certain Morpheus. Celui-ci l'exhorte à aller au-delà des apparences et à trouver la réponse à la question qui hante constamment ses pensées : qu'est-ce que la Matrice ? Nul ne le sait, et aucun homme n'est encore parvenu à en percer les defenses. Mais Morpheus est persuadé que Neo est l'Elu, le libérateur mythique de l'humanité annoncé selon la prophétie. Ensemble, ils se lancent dans une lutte sans retour contre la Matrice et ses terribles agents..</subfield><subfield code="5">RERO/vsbcvs/07.2014</subfield></datafield><datafield ind1="8" ind2=" " tag="520"><subfield code="a">Science-fiction</subfield><subfield code="5">RERO/necfbv/12.2015</subfield></datafield><datafield ind1=" " ind2="7" tag="655"><subfield code="a">DVD</subfield><subfield code="0">(IDREF)035108444</subfield><subfield code="2">idref</subfield></datafield><datafield ind1=" " ind2="7" tag="655"><subfield code="a">Films de fiction</subfield><subfield code="0">(IDREF)14779644X</subfield><subfield code="2">idref</subfield></datafield><datafield ind1="1" ind2=" " tag="700"><subfield code="a">Wachowski, Lilly</subfield><subfield code="d">1967-....</subfield><subfield code="0">(IDREF)078063027</subfield></datafield><datafield ind1="1" ind2=" " tag="700"><subfield code="a">Wachowski, Lana</subfield><subfield code="d">1965-....</subfield><subfield code="0">(IDREF)078063019</subfield></datafield><datafield ind1="1" ind2=" " tag="700"><subfield code="a">Davis, Don</subfield><subfield code="d">1957-</subfield><subfield code="0">(RERO)A012324004</subfield></datafield><datafield ind1="1" ind2=" " tag="700"><subfield code="a">Silver, Joel</subfield><subfield code="d">1952-...</subfield><subfield code="0">(IDREF)075874741</subfield></datafield></record>
</metadata></record>