<record><header><identifier>oai:alma.41SLSP_UGE:991000800039705502</identifier><datestamp>2024-06-02T00:07:36Z</datestamp><setSpec>uge_bcen_RapidILL_BOOK</setSpec><setSpec>uge_aaca_RapidILL_BOOK</setSpec><setSpec>uge_abels_RapidILL_BOOK</setSpec><setSpec>uge_dbu_RapidILL_BOOK</setSpec><setSpec>uge_cmu_RapidILL_BOOK</setSpec><setSpec>uge_mail_RapidILL_BOOK</setSpec><setSpec>UNIGE_ALL</setSpec><setSpec>uge_abbat_RapidILL_BOOK</setSpec><setSpec>uge_aobs_RapidILL_BOOK</setSpec><setSpec>uge_acar_RapidILL_BOOK</setSpec></header><metadata>
<record xmlns="http://www.loc.gov/MARC21/slim" xmlns:xsi="http://www.w3.org/2001/XMLSchema-instance" xsi:schemaLocation="http://www.loc.gov/MARC21/slim http://www.loc.gov/standards/marcxml/schema/MARC21slim.xsd"><leader>01533nam a2200385 c 4500</leader><controlfield tag="001">991000800039705502</controlfield><controlfield tag="005">20211114081111.0</controlfield><controlfield tag="008">090731s2009    sz ||||| |||| 00| ||eng d</controlfield><datafield ind1=" " ind2=" " tag="020"><subfield code="a">9782830912760</subfield></datafield><datafield ind1=" " ind2=" " tag="035"><subfield code="a">(swissbib)108272281-41slsp_network</subfield></datafield><datafield ind1=" " ind2=" " tag="035"><subfield code="a">108272281</subfield><subfield code="9">ExL</subfield></datafield><datafield ind1=" " ind2=" " tag="035"><subfield code="a">(RERO)R005134436-41slsp</subfield></datafield><datafield ind1=" " ind2=" " tag="035"><subfield code="a">(EXLNZ-41SLSP_NETWORK)991114273629705501</subfield></datafield><datafield ind1=" " ind2=" " tag="040"><subfield code="a">RERO geuchr</subfield><subfield code="d">CH-ZuSLS</subfield></datafield><datafield ind1="1" ind2=" " tag="041"><subfield code="a">eng</subfield><subfield code="h">fre</subfield></datafield><datafield ind1=" " ind2=" " tag="044"><subfield code="a">sz</subfield><subfield code="c">ch-ge</subfield><subfield code="a">sz</subfield><subfield code="c">ch-vd</subfield></datafield><datafield ind1=" " ind2="7" tag="072"><subfield code="a">th</subfield><subfield code="2">rero</subfield></datafield><datafield ind1="1" ind2=" " tag="100"><subfield code="a">Vial, Marc</subfield><subfield code="d">1972....</subfield><subfield code="0">(IDREF)070021910</subfield><subfield code="4">cre</subfield></datafield><datafield ind1="1" ind2="0" tag="245"><subfield code="a">John Calvin</subfield><subfield code="b">an introduction to his theological thought</subfield><subfield code="c">Marc Vial ; with a foreword by Olivier Fatio ; transl. by Viviane Lowe</subfield></datafield><datafield ind1=" " ind2="1" tag="264"><subfield code="a">Geneva</subfield><subfield code="b">International Museum of the Reformation</subfield><subfield code="b">Labor et Fides</subfield><subfield code="c">2009</subfield></datafield><datafield ind1=" " ind2="3" tag="264"><subfield code="a">Lausanne</subfield><subfield code="b">Jean Genoud</subfield></datafield><datafield ind1=" " ind2=" " tag="300"><subfield code="a">173 p.</subfield><subfield code="b">ill.</subfield><subfield code="c">22 cm</subfield></datafield><datafield ind1=" " ind2=" " tag="336"><subfield code="b">txt</subfield><subfield code="2">rdacontent</subfield></datafield><datafield ind1=" " ind2=" " tag="337"><subfield code="b">n</subfield><subfield code="2">rdamedia</subfield></datafield><datafield ind1=" " ind2=" " tag="338"><subfield code="b">nc</subfield><subfield code="2">rdacarrier</subfield></datafield><datafield ind1=" " ind2=" " tag="500"><subfield code="a">Trad. de: Jean Calvin : introduction à sa pensée théologique</subfield></datafield><datafield ind1=" " ind2=" " tag="504"><subfield code="a">Bibliogr.: p. 151-155</subfield></datafield><datafield ind1="1" ind2="0" tag="600"><subfield code="a">Calvin, Jean</subfield><subfield code="d">1509-1564</subfield></datafield><datafield ind1="1" ind2="7" tag="600"><subfield code="a">Calvin, Jean</subfield><subfield code="d">1509-1564</subfield><subfield code="0">(IDREF)026763362</subfield><subfield code="2">idref</subfield></datafield><datafield ind1="1" ind2="7" tag="600"><subfield code="a">Calvin, Jean</subfield><subfield code="d">1509-1564</subfield><subfield code="t">Institution de la religion chrétienne</subfield><subfield code="0">(IDREF)027632199</subfield><subfield code="2">idref</subfield></datafield><datafield ind1=" " ind2="0" tag="650"><subfield code="a">Reformed Church</subfield><subfield code="x">Doctrines</subfield><subfield code="x">History</subfield><subfield code="y">16th century</subfield></datafield><datafield ind1=" " ind2="0" tag="650"><subfield code="a">Theology, Doctrinal</subfield><subfield code="x">History</subfield><subfield code="y">16th century</subfield></datafield><datafield ind1="1" ind2=" " tag="700"><subfield code="a">Fatio, Olivier</subfield><subfield code="d">1942-....</subfield><subfield code="0">(IDREF)026858657</subfield></datafield><datafield ind1="1" ind2=" " tag="700"><subfield code="a">Lowe, Viviane</subfield><subfield code="0">(IDREF)108387534</subfield></datafield><datafield ind1="2" ind2=" " tag="710"><subfield code="a">Musée international de la Réforme (Genève)</subfield><subfield code="0">(RERO)A012453529</subfield></datafield><datafield ind1=" " ind2=" " tag="900"><subfield code="a">REROnoselfmerge</subfield></datafield><datafield ind1=" " ind2=" " tag="993"><subfield code="a">IHR L 1601</subfield><subfield code="x">ge/uihr/4861</subfield><subfield code="9">LOCAL</subfield></datafield></record>
</metadata></record>