<record><header><identifier>oai:alma.41SLSP_UGE:991000799389705502</identifier><datestamp>2023-04-11T00:13:30Z</datestamp><setSpec>uge_bcen_RapidILL_BOOK</setSpec><setSpec>uge_aaca_RapidILL_BOOK</setSpec><setSpec>uge_abels_RapidILL_BOOK</setSpec><setSpec>uge_dbu_RapidILL_BOOK</setSpec><setSpec>uge_cmu_RapidILL_BOOK</setSpec><setSpec>uge_mail_RapidILL_BOOK</setSpec><setSpec>uge_abbat_RapidILL_BOOK</setSpec><setSpec>UNIGE_ALL</setSpec><setSpec>uge_acar_RapidILL_BOOK</setSpec><setSpec>uge_aobs_RapidILL_BOOK</setSpec></header><metadata>
<record xmlns="http://www.loc.gov/MARC21/slim" xmlns:xsi="http://www.w3.org/2001/XMLSchema-instance" xsi:schemaLocation="http://www.loc.gov/MARC21/slim http://www.loc.gov/standards/marcxml/schema/MARC21slim.xsd"><leader>01567nam a2200409 c 4500</leader><controlfield tag="001">991000799389705502</controlfield><controlfield tag="005">20230410141057.0</controlfield><controlfield tag="008">201011t19721972is ||||| |||| 00| ||eng d</controlfield><datafield ind1=" " ind2=" " tag="010"><subfield code="a">72004101</subfield></datafield><datafield ind1=" " ind2=" " tag="020"><subfield code="a">070651212X</subfield><subfield code="q">IPST, Jerusalem</subfield></datafield><datafield ind1=" " ind2=" " tag="020"><subfield code="a">0470638605</subfield><subfield code="q">Halsted/Wiley, N.Y.</subfield></datafield><datafield ind1=" " ind2=" " tag="035"><subfield code="a">(swissbib)217035728-41slsp_network</subfield></datafield><datafield ind1=" " ind2=" " tag="035"><subfield code="a">217035728</subfield><subfield code="9">ExL</subfield></datafield><datafield ind1=" " ind2=" " tag="035"><subfield code="a">(RERO)1509017-41slsp</subfield></datafield><datafield ind1=" " ind2=" " tag="035"><subfield code="a">(NEBIS)000614500EBI01</subfield></datafield><datafield ind1=" " ind2=" " tag="035"><subfield code="a">(EXLNZ-41SLSP_NETWORK)991155582429705501</subfield></datafield><datafield ind1=" " ind2=" " tag="040"><subfield code="a">RERO geussc</subfield><subfield code="d">CH-ZuSLS</subfield></datafield><datafield ind1="1" ind2=" " tag="041"><subfield code="a">eng</subfield><subfield code="h">rus</subfield></datafield><datafield ind1=" " ind2="7" tag="072"><subfield code="a">ch</subfield><subfield code="2">rero</subfield></datafield><datafield ind1=" " ind2="7" tag="072"><subfield code="a">py</subfield><subfield code="2">rero</subfield></datafield><datafield ind1="0" ind2="0" tag="245"><subfield code="a">Analytical chemistry of fluorine</subfield><subfield code="c">N.S. Nikolaev... [et al.] ; transl. by J. Schmorak</subfield></datafield><datafield ind1="1" ind2=" " tag="246"><subfield code="a">Analiticheskaya khimiya ftora</subfield></datafield><datafield ind1=" " ind2="1" tag="264"><subfield code="a">Jerusalem</subfield><subfield code="a">London</subfield><subfield code="b">Israel Program for Scientific Translations</subfield><subfield code="a">New York</subfield><subfield code="b">Halsted Press</subfield><subfield code="c">[1972]</subfield></datafield><datafield ind1=" " ind2="4" tag="264"><subfield code="c">© 1972</subfield></datafield><datafield ind1=" " ind2=" " tag="300"><subfield code="a">XIV, 222 p.</subfield><subfield code="b">ill.</subfield><subfield code="c">25 cm</subfield></datafield><datafield ind1=" " ind2=" " tag="336"><subfield code="b">txt</subfield><subfield code="2">rdacontent</subfield></datafield><datafield ind1=" " ind2=" " tag="337"><subfield code="b">n</subfield><subfield code="2">rdamedia</subfield></datafield><datafield ind1=" " ind2=" " tag="338"><subfield code="b">nc</subfield><subfield code="2">rdacarrier</subfield></datafield><datafield ind1="1" ind2=" " tag="490"><subfield code="a">Analytical chemistry of the elements</subfield></datafield><datafield ind1=" " ind2=" " tag="500"><subfield code="a">Originalausg.: Analiticheskaya khimiya ftora. Moskva, 1970</subfield></datafield><datafield ind1=" " ind2="7" tag="650"><subfield code="a">Fluor</subfield><subfield code="0">(IDREF)027798046</subfield><subfield code="2">idref</subfield></datafield><datafield ind1=" " ind2="7" tag="650"><subfield code="a">Chimie analytique</subfield><subfield code="0">(IDREF)027222985</subfield><subfield code="2">idref</subfield></datafield><datafield ind1=" " ind2="7" tag="650"><subfield code="a">ANORGANISCH-CHEMISCHE ANALYSE</subfield><subfield code="9">ger</subfield><subfield code="0">(ETHUDK)000016474</subfield><subfield code="2">ethudk</subfield></datafield><datafield ind1=" " ind2="7" tag="650"><subfield code="a">FLUOR (CHEMISCHE ELEMENTE)</subfield><subfield code="9">ger</subfield><subfield code="0">(ETHUDK)000016559</subfield><subfield code="2">ethudk</subfield></datafield><datafield ind1=" " ind2="7" tag="650"><subfield code="a">FLUORVERBINDUNGEN (ANORGANISCHE CHEMIE)</subfield><subfield code="9">ger</subfield><subfield code="0">(ETHUDK)000037382</subfield><subfield code="2">ethudk</subfield></datafield><datafield ind1="1" ind2=" " tag="700"><subfield code="a">Nikolaev, N.S</subfield><subfield code="0">(RERO)A021922468</subfield></datafield><datafield ind1=" " ind2=" " tag="830"><subfield code="a">Analytical chemistry of elements</subfield><subfield code="w">(RERO)1000722-41slsp</subfield></datafield><datafield ind1=" " ind2=" " tag="900"><subfield code="a">REROnoselfmerge</subfield></datafield></record>
</metadata></record>