<record><header><identifier>oai:alma.41SLSP_UGE:991000800119705502</identifier><datestamp>2023-03-01T01:09:36Z</datestamp><setSpec>uge_bcen_RapidILL_BOOK</setSpec><setSpec>uge_aaca_RapidILL_BOOK</setSpec><setSpec>uge_abels_RapidILL_BOOK</setSpec><setSpec>uge_dbu_RapidILL_BOOK</setSpec><setSpec>uge_cmu_RapidILL_BOOK</setSpec><setSpec>uge_mail_RapidILL_BOOK</setSpec><setSpec>UNIGE_ALL</setSpec><setSpec>uge_abbat_RapidILL_BOOK</setSpec><setSpec>uge_aobs_RapidILL_BOOK</setSpec><setSpec>uge_acar_RapidILL_BOOK</setSpec></header><metadata>
<record xmlns="http://www.loc.gov/MARC21/slim" xmlns:xsi="http://www.w3.org/2001/XMLSchema-instance" xsi:schemaLocation="http://www.loc.gov/MARC21/slim http://www.loc.gov/standards/marcxml/schema/MARC21slim.xsd"><leader>01794nam a2200481 c 4500</leader><controlfield tag="001">991000800119705502</controlfield><controlfield tag="005">20211127181844.0</controlfield><controlfield tag="008">201012s1968    xxk||||| |||| 00| ||eng d</controlfield><datafield ind1=" " ind2=" " tag="020"><subfield code="a">0521069300</subfield></datafield><datafield ind1=" " ind2=" " tag="035"><subfield code="a">(swissbib)242051324-41slsp_network</subfield></datafield><datafield ind1=" " ind2=" " tag="035"><subfield code="a">242051324</subfield><subfield code="9">ExL</subfield></datafield><datafield ind1=" " ind2=" " tag="035"><subfield code="a">(RERO)0039839-41slsp</subfield></datafield><datafield ind1=" " ind2=" " tag="035"><subfield code="a">(IDSLU)000814004ILU01</subfield></datafield><datafield ind1=" " ind2=" " tag="035"><subfield code="a">(IDSBB)000532742DSV01</subfield></datafield><datafield ind1=" " ind2=" " tag="035"><subfield code="a">(NEBIS)002941172EBI01</subfield></datafield><datafield ind1=" " ind2=" " tag="035"><subfield code="a">(EXLNZ-41SLSP_NETWORK)991059843679705501</subfield></datafield><datafield ind1=" " ind2=" " tag="040"><subfield code="a">RERO</subfield><subfield code="d">CH-ZuSLS</subfield></datafield><datafield ind1=" " ind2="7" tag="072"><subfield code="a">ht</subfield><subfield code="2">rero</subfield></datafield><datafield ind1=" " ind2="7" tag="072"><subfield code="a">ga</subfield><subfield code="2">SzZuIDS BS/BE</subfield></datafield><datafield ind1="0" ind2="0" tag="082"><subfield code="a">948.5/02</subfield></datafield><datafield ind1="1" ind2="4" tag="082"><subfield code="a">948.503</subfield><subfield code="2">22</subfield></datafield><datafield ind1="1" ind2="4" tag="082"><subfield code="a">900</subfield><subfield code="2">15</subfield></datafield><datafield ind1="1" ind2=" " tag="100"><subfield code="a">Roberts, Michael</subfield><subfield code="d">1908-1996</subfield><subfield code="0">(RERO)A027153659</subfield><subfield code="4">cre</subfield></datafield><datafield ind1="1" ind2="0" tag="245"><subfield code="a">&lt;&lt;The&gt;&gt; early Vasas</subfield><subfield code="b">a history of Sweden, 1523-1611</subfield><subfield code="c">Michael Roberts</subfield></datafield><datafield ind1=" " ind2="1" tag="264"><subfield code="a">Cambridge</subfield><subfield code="b">At the Univ. Press</subfield><subfield code="c">1968</subfield></datafield><datafield ind1=" " ind2=" " tag="300"><subfield code="a">XIV, 509 S.</subfield><subfield code="b">ill., pl., map sketches &amp; 1 geneal. tabl.</subfield><subfield code="c">24 cm</subfield></datafield><datafield ind1=" " ind2=" " tag="336"><subfield code="b">txt</subfield><subfield code="2">rdacontent</subfield></datafield><datafield ind1=" " ind2=" " tag="337"><subfield code="b">n</subfield><subfield code="2">rdamedia</subfield></datafield><datafield ind1=" " ind2=" " tag="338"><subfield code="b">nc</subfield><subfield code="2">rdacarrier</subfield></datafield><datafield ind1="0" ind2="7" tag="600"><subfield code="a">Vasa</subfield><subfield code="c">(dynastie)</subfield><subfield code="0">(RERO)A010030469</subfield><subfield code="2">rero</subfield></datafield><datafield ind1="0" ind2="7" tag="600"><subfield code="a">Erich</subfield><subfield code="b">XIV.</subfield><subfield code="c">Schweden, König</subfield><subfield code="d">1533-1577</subfield><subfield code="0">(DE-588)118682296</subfield><subfield code="2">gnd</subfield></datafield><datafield ind1="0" ind2="7" tag="600"><subfield code="a">Gustav</subfield><subfield code="b">I.</subfield><subfield code="c">Schweden, König</subfield><subfield code="d">1496-1560</subfield><subfield code="0">(DE-588)118699431</subfield><subfield code="2">gnd</subfield></datafield><datafield ind1="0" ind2="7" tag="600"><subfield code="a">Johann</subfield><subfield code="b">III.</subfield><subfield code="c">Schweden, König</subfield><subfield code="d">1537-1592</subfield><subfield code="0">(DE-588)122841999</subfield><subfield code="2">gnd</subfield></datafield><datafield ind1="0" ind2="7" tag="600"><subfield code="a">Karl</subfield><subfield code="b">VIIII.</subfield><subfield code="c">Schweden, König</subfield><subfield code="d">1550-1611</subfield><subfield code="0">(DE-588)119177315</subfield><subfield code="2">gnd</subfield></datafield><datafield ind1="3" ind2="0" tag="600"><subfield code="a">Vasa, House of</subfield></datafield><datafield ind1=" " ind2="7" tag="648"><subfield code="a">Geschichte 1523-1611</subfield><subfield code="2">gnd</subfield></datafield><datafield ind1=" " ind2="7" tag="650"><subfield code="a">1523-1611</subfield><subfield code="2">rero</subfield></datafield><datafield ind1=" " ind2="7" tag="651"><subfield code="a">Suède</subfield><subfield code="0">(IDREF)027622444</subfield><subfield code="2">idref</subfield></datafield><datafield ind1=" " ind2="7" tag="651"><subfield code="a">Schweden</subfield><subfield code="0">(DE-588)4077258-5</subfield><subfield code="2">gnd</subfield></datafield><datafield ind1=" " ind2="0" tag="651"><subfield code="a">Sweden</subfield><subfield code="x">History</subfield><subfield code="y">1523-1654</subfield></datafield><datafield ind1=" " ind2=" " tag="690"><subfield code="a">Schweden. Geschichte. N.Z. 16/17. Jh. 1523/1611. A.D.</subfield><subfield code="2">rzs-L1</subfield></datafield><datafield ind1=" " ind2=" " tag="690"><subfield code="a">Wasa, Dynastie. Schweden. Geschichte. 1523/1611. A.D.</subfield><subfield code="2">rzs-L1</subfield></datafield><datafield ind1=" " ind2=" " tag="900"><subfield code="a">REROnoselfmerge</subfield></datafield><datafield ind1=" " ind2=" " tag="900"><subfield code="a">IDSZRMedeaZBZ</subfield><subfield code="b">IDSZRSWK</subfield></datafield></record>
</metadata></record>