<record><header><identifier>oai:alma.41SLSP_UGE:991000800019705502</identifier><datestamp>2023-06-28T00:12:44Z</datestamp><setSpec>uge_bcen_RapidILL_BOOK</setSpec><setSpec>uge_aaca_RapidILL_BOOK</setSpec><setSpec>uge_abels_RapidILL_BOOK</setSpec><setSpec>uge_dbu_RapidILL_BOOK</setSpec><setSpec>uge_cmu_RapidILL_BOOK</setSpec><setSpec>uge_mail_RapidILL_BOOK</setSpec><setSpec>uge_abbat_RapidILL_BOOK</setSpec><setSpec>UNIGE_ALL</setSpec><setSpec>uge_aobs_RapidILL_BOOK</setSpec><setSpec>uge_acar_RapidILL_BOOK</setSpec></header><metadata>
<record xmlns="http://www.loc.gov/MARC21/slim" xmlns:xsi="http://www.w3.org/2001/XMLSchema-instance" xsi:schemaLocation="http://www.loc.gov/MARC21/slim http://www.loc.gov/standards/marcxml/schema/MARC21slim.xsd"><leader>01560nam a22003137c 4500</leader><controlfield tag="001">991000800019705502</controlfield><controlfield tag="005">20230606173322.0</controlfield><controlfield tag="008">031111s1999    fr ||||| |||| 10| ||fre d</controlfield><datafield ind1=" " ind2=" " tag="019"><subfield code="a">!! Notice analytique !!</subfield><subfield code="5">RERO/geucui/12.2006</subfield></datafield><datafield ind1=" " ind2=" " tag="035"><subfield code="a">(swissbib)099925001-41slsp_network</subfield></datafield><datafield ind1=" " ind2=" " tag="035"><subfield code="a">099925001</subfield><subfield code="9">ExL</subfield></datafield><datafield ind1=" " ind2=" " tag="035"><subfield code="a">(RERO)R003538221-41slsp</subfield></datafield><datafield ind1=" " ind2=" " tag="035"><subfield code="a">(EXLNZ-41SLSP_NETWORK)991060294709705501</subfield></datafield><datafield ind1=" " ind2=" " tag="040"><subfield code="a">RERO geucui</subfield><subfield code="d">CH-ZuSLS</subfield></datafield><datafield ind1=" " ind2="7" tag="072"><subfield code="a">in</subfield><subfield code="2">rero</subfield></datafield><datafield ind1="0" ind2="0" tag="245"><subfield code="a">CORESA 99</subfield><subfield code="b">5èmes journées d'études et d'échanges &quot;Compression et représentation des signaux audiovisuels&quot;, Sophia-Antipolis, 14-15 juin 1999</subfield><subfield code="c">organisé par le CNET ; comité de programme G.Eude... [et al.] ; organisation Sophie Bronckart, Catherine Boudias</subfield></datafield><datafield ind1="1" ind2=" " tag="246"><subfield code="a">Compression et représentation des signaux audiovisuels</subfield></datafield><datafield ind1=" " ind2="1" tag="264"><subfield code="a">[Lieu de publication non identifié]</subfield><subfield code="b">CNET</subfield><subfield code="c">[1999]</subfield></datafield><datafield ind1=" " ind2=" " tag="300"><subfield code="a">1 vol. (non paginé)</subfield><subfield code="b">ill.</subfield><subfield code="c">30 cm</subfield></datafield><datafield ind1=" " ind2=" " tag="336"><subfield code="b">txt</subfield><subfield code="2">rdacontent</subfield></datafield><datafield ind1=" " ind2=" " tag="337"><subfield code="b">n</subfield><subfield code="2">rdamedia</subfield></datafield><datafield ind1=" " ind2=" " tag="338"><subfield code="b">nc</subfield><subfield code="2">rdacarrier</subfield></datafield><datafield ind1=" " ind2="7" tag="650"><subfield code="a">Traitement du signal</subfield><subfield code="0">(IDREF)027253287</subfield><subfield code="2">idref</subfield></datafield><datafield ind1=" " ind2="7" tag="650"><subfield code="a">Données</subfield><subfield code="x">Compression (informatique)</subfield><subfield code="0">(IDREF)027860043</subfield><subfield code="2">idref</subfield></datafield><datafield ind1=" " ind2="7" tag="650"><subfield code="a">Multimédias</subfield><subfield code="0">(IDREF)033475598</subfield><subfield code="2">idref</subfield></datafield><datafield ind1=" " ind2="7" tag="655"><subfield code="a">Actes de congrès</subfield><subfield code="0">(IDREF)02886431X</subfield><subfield code="2">idref</subfield></datafield><datafield ind1="1" ind2=" " tag="700"><subfield code="a">Eude, G</subfield><subfield code="0">(RERO)A005796699</subfield></datafield><datafield ind1="2" ind2=" " tag="710"><subfield code="a">Centre national d'études des télécommunications</subfield><subfield code="g">France</subfield><subfield code="g">1944-2001</subfield><subfield code="0">(IDREF)026368021</subfield></datafield><datafield ind1="2" ind2=" " tag="710"><subfield code="a">France Telecom</subfield><subfield code="b">Branche développement</subfield><subfield code="0">(RERO)A005796700</subfield></datafield><datafield ind1="2" ind2=" " tag="711"><subfield code="a">Journées d'études et d'échanges sur Compression et Représentation des Signaux Audiovisuels</subfield><subfield code="n">5</subfield><subfield code="d">1999</subfield><subfield code="c">Sophia-Antipolis</subfield><subfield code="0">(RERO)A012385983</subfield></datafield></record>
</metadata></record>