<record><header><identifier>oai:alma.41SLSP_UGE:991000799499705502</identifier><datestamp>2023-03-01T01:09:36Z</datestamp><setSpec>uge_bcen_RapidILL_BOOK</setSpec><setSpec>uge_aaca_RapidILL_BOOK</setSpec><setSpec>uge_abels_RapidILL_BOOK</setSpec><setSpec>uge_dbu_RapidILL_BOOK</setSpec><setSpec>uge_cmu_RapidILL_BOOK</setSpec><setSpec>uge_mail_RapidILL_BOOK</setSpec><setSpec>UNIGE_ALL</setSpec><setSpec>uge_abbat_RapidILL_BOOK</setSpec><setSpec>uge_aobs_RapidILL_BOOK</setSpec><setSpec>uge_acar_RapidILL_BOOK</setSpec></header><metadata>
<record xmlns="http://www.loc.gov/MARC21/slim" xmlns:xsi="http://www.w3.org/2001/XMLSchema-instance" xsi:schemaLocation="http://www.loc.gov/MARC21/slim http://www.loc.gov/standards/marcxml/schema/MARC21slim.xsd"><leader>01380nam a2200241 c 4500</leader><controlfield tag="001">991000799499705502</controlfield><controlfield tag="005">20201225184228.0</controlfield><controlfield tag="008">000806s1976    lu ||||| |||| 00| ||ger d</controlfield><datafield ind1=" " ind2=" " tag="035"><subfield code="a">(swissbib)08802962X-41slsp_network</subfield></datafield><datafield ind1=" " ind2=" " tag="035"><subfield code="a">08802962X</subfield><subfield code="9">ExL</subfield></datafield><datafield ind1=" " ind2=" " tag="035"><subfield code="a">(RERO)1749816-41slsp</subfield></datafield><datafield ind1=" " ind2=" " tag="035"><subfield code="a">(EXLNZ-41SLSP_NETWORK)991082003309705501</subfield></datafield><datafield ind1=" " ind2=" " tag="040"><subfield code="a">RERO geueti</subfield><subfield code="d">CH-ZuSLS</subfield></datafield><datafield ind1="0" ind2=" " tag="041"><subfield code="a">ger</subfield><subfield code="a">eng</subfield><subfield code="a">fre</subfield></datafield><datafield ind1=" " ind2="7" tag="072"><subfield code="a">dr</subfield><subfield code="2">rero</subfield></datafield><datafield ind1="0" ind2="0" tag="245"><subfield code="a">Terminologie juridique des Communautés européennes</subfield><subfield code="c">Parlement européen, Direction de la traduction et de la terminologie, Bureau de terminologie.</subfield><subfield code="n">[1]</subfield><subfield code="p">Corpus = Terminologia giuridica delle Comunità europee / Parlamento europeo, Direzione della traduzione e della terminologia, Ufficio terminologia. [1], Korpus = Legal terminology of the European Communities / European Parliament, Directorate for Translation and Terminology Services, Terminology Office. [1] = Rechtsterminologie der Europäischen Gemeinschaften... / Europäisches Parlament, Direktion Uebersetzung und Terminologie, Terminologiebüro. [1]</subfield></datafield><datafield ind1=" " ind2="1" tag="264"><subfield code="a">[Luxembourg]</subfield><subfield code="b">[Direction de la traduction et de la terminologie]</subfield><subfield code="c">1976</subfield></datafield><datafield ind1=" " ind2=" " tag="300"><subfield code="a">565 p. -</subfield><subfield code="c">29 cm</subfield></datafield><datafield ind1=" " ind2=" " tag="336"><subfield code="b">txt</subfield><subfield code="2">rdacontent</subfield></datafield><datafield ind1=" " ind2=" " tag="337"><subfield code="b">n</subfield><subfield code="2">rdamedia</subfield></datafield><datafield ind1=" " ind2=" " tag="338"><subfield code="b">nc</subfield><subfield code="2">rdacarrier</subfield></datafield><datafield ind1="2" ind2=" " tag="710"><subfield code="a">Parlement européen</subfield><subfield code="b">Bureau de terminologie</subfield><subfield code="0">(IDREF)026632632</subfield></datafield><datafield ind1=" " ind2="0" tag="830"><subfield code="a">Terminologie juridique des Communautés européennes</subfield><subfield code="v">[1]</subfield></datafield><datafield ind1=" " ind2=" " tag="900"><subfield code="a">REROnoselfmerge</subfield></datafield></record>
</metadata></record>