<record><header><identifier>oai:alma.41SLSP_UGE:991000799809705502</identifier><datestamp>2023-03-01T01:09:36Z</datestamp><setSpec>uge_bcen_RapidILL_BOOK</setSpec><setSpec>uge_aaca_RapidILL_BOOK</setSpec><setSpec>uge_abels_RapidILL_BOOK</setSpec><setSpec>uge_dbu_RapidILL_BOOK</setSpec><setSpec>uge_cmu_RapidILL_BOOK</setSpec><setSpec>uge_mail_RapidILL_BOOK</setSpec><setSpec>UNIGE_ALL</setSpec><setSpec>uge_abbat_RapidILL_BOOK</setSpec><setSpec>uge_aobs_RapidILL_BOOK</setSpec><setSpec>uge_acar_RapidILL_BOOK</setSpec></header><metadata>
<record xmlns="http://www.loc.gov/MARC21/slim" xmlns:xsi="http://www.w3.org/2001/XMLSchema-instance" xsi:schemaLocation="http://www.loc.gov/MARC21/slim http://www.loc.gov/standards/marcxml/schema/MARC21slim.xsd"><leader>00886nam a2200265 c 4500</leader><controlfield tag="001">991000799809705502</controlfield><controlfield tag="005">20201125201447.0</controlfield><controlfield tag="008">040305s2001    sp ||||| |||| 00| ||spa d</controlfield><datafield ind1=" " ind2=" " tag="020"><subfield code="a">8484720306</subfield></datafield><datafield ind1=" " ind2=" " tag="035"><subfield code="a">(swissbib)100320481-41slsp_network</subfield></datafield><datafield ind1=" " ind2=" " tag="035"><subfield code="a">100320481</subfield><subfield code="9">ExL</subfield></datafield><datafield ind1=" " ind2=" " tag="035"><subfield code="a">(RERO)R003597318-41slsp</subfield></datafield><datafield ind1=" " ind2=" " tag="035"><subfield code="a">(EXLNZ-41SLSP_NETWORK)991096770809705501</subfield></datafield><datafield ind1=" " ind2=" " tag="040"><subfield code="a">RERO geules</subfield><subfield code="d">CH-ZuSLS</subfield></datafield><datafield ind1=" " ind2="7" tag="072"><subfield code="a">es</subfield><subfield code="2">rero</subfield></datafield><datafield ind1="1" ind2=" " tag="100"><subfield code="a">Garfias, Pedro</subfield><subfield code="0">(RERO)A003280164</subfield><subfield code="4">cre</subfield></datafield><datafield ind1="1" ind2="0" tag="245"><subfield code="a">&lt;&lt;La&gt;&gt; voz de otros días</subfield><subfield code="b">prosa reunida</subfield><subfield code="c">Pedro Garfías ; ed.de José María Barrera López</subfield></datafield><datafield ind1=" " ind2="1" tag="264"><subfield code="a">Sevilla</subfield><subfield code="b">Renacimiento</subfield><subfield code="c">2001</subfield></datafield><datafield ind1=" " ind2=" " tag="300"><subfield code="a">259 p.</subfield><subfield code="b">portr.</subfield><subfield code="c">22 cm</subfield></datafield><datafield ind1=" " ind2=" " tag="336"><subfield code="b">txt</subfield><subfield code="2">rdacontent</subfield></datafield><datafield ind1=" " ind2=" " tag="337"><subfield code="b">n</subfield><subfield code="2">rdamedia</subfield></datafield><datafield ind1=" " ind2=" " tag="338"><subfield code="b">nc</subfield><subfield code="2">rdacarrier</subfield></datafield><datafield ind1="1" ind2=" " tag="490"><subfield code="a">Biblioteca de rescate</subfield><subfield code="v">3</subfield></datafield><datafield ind1="1" ind2=" " tag="700"><subfield code="a">Barrera López, José María</subfield><subfield code="d">1955-....</subfield><subfield code="0">(IDREF)030330521</subfield></datafield><datafield ind1=" " ind2=" " tag="830"><subfield code="a">Biblioteca de rescate</subfield><subfield code="v">3</subfield><subfield code="w">(RERO)R003598053-41slsp</subfield></datafield><datafield ind1=" " ind2=" " tag="900"><subfield code="a">REROnoselfmerge</subfield></datafield><datafield ind1=" " ind2=" " tag="993"><subfield code="a">BFLA 166586</subfield><subfield code="x">ge/ules/a/02/314</subfield><subfield code="9">LOCAL</subfield></datafield></record>
</metadata></record>