<record><header><identifier>oai:alma.41SLSP_UGE:991000799919705502</identifier><datestamp>2023-03-01T01:09:36Z</datestamp><setSpec>uge_bcen_RapidILL_BOOK</setSpec><setSpec>uge_aaca_RapidILL_BOOK</setSpec><setSpec>uge_abels_RapidILL_BOOK</setSpec><setSpec>uge_dbu_RapidILL_BOOK</setSpec><setSpec>uge_cmu_RapidILL_BOOK</setSpec><setSpec>uge_mail_RapidILL_BOOK</setSpec><setSpec>UNIGE_ALL</setSpec><setSpec>uge_abbat_RapidILL_BOOK</setSpec><setSpec>uge_aobs_RapidILL_BOOK</setSpec><setSpec>uge_acar_RapidILL_BOOK</setSpec></header><metadata>
<record xmlns="http://www.loc.gov/MARC21/slim" xmlns:xsi="http://www.w3.org/2001/XMLSchema-instance" xsi:schemaLocation="http://www.loc.gov/MARC21/slim http://www.loc.gov/standards/marcxml/schema/MARC21slim.xsd"><leader>02440nam a2200373 c 4500</leader><controlfield tag="001">991000799919705502</controlfield><controlfield tag="005">20201227134012.0</controlfield><controlfield tag="008">980724s1998    sz ||||| m||| 00| ||fre d</controlfield><datafield ind1=" " ind2=" " tag="019"><subfield code="a">Catalogage: décrit l'ex. de thèse</subfield><subfield code="5">RERO/gevbpu/07.1998</subfield></datafield><datafield ind1=" " ind2=" " tag="035"><subfield code="a">(swissbib)093466552-41slsp_network</subfield></datafield><datafield ind1=" " ind2=" " tag="035"><subfield code="a">093466552</subfield><subfield code="9">ExL</subfield></datafield><datafield ind1=" " ind2=" " tag="035"><subfield code="a">(RERO)R233619660-41slsp</subfield></datafield><datafield ind1=" " ind2=" " tag="035"><subfield code="a">(EXLNZ-41SLSP_NETWORK)991084655689705501</subfield></datafield><datafield ind1=" " ind2=" " tag="040"><subfield code="a">RERO gevbpu</subfield><subfield code="d">CH-ZuSLS</subfield></datafield><datafield ind1=" " ind2=" " tag="044"><subfield code="a">sz</subfield><subfield code="c">ch-ge</subfield></datafield><datafield ind1=" " ind2="7" tag="072"><subfield code="a">pa</subfield><subfield code="2">rero</subfield></datafield><datafield ind1="1" ind2=" " tag="100"><subfield code="a">Baeyens, Vincent</subfield><subfield code="0">(RERO)A002959961</subfield><subfield code="4">cre</subfield></datafield><datafield ind1="1" ind2="0" tag="245"><subfield code="a">Développement et évaluation d'inserts ophtalmiques solubles destinés au traitement des infections bactériennes du segment antérieur de l'oeil</subfield><subfield code="c">Vincent Baeyens</subfield></datafield><datafield ind1=" " ind2="1" tag="264"><subfield code="a">Genève</subfield><subfield code="b">[éditeur non identifié]</subfield><subfield code="c">1998</subfield></datafield><datafield ind1=" " ind2="3" tag="264"><subfield code="a">Genève</subfield><subfield code="b">Ateliers de reprod. de la Section de physique</subfield></datafield><datafield ind1=" " ind2=" " tag="300"><subfield code="a">IV, 115 p.</subfield><subfield code="b">ill.</subfield><subfield code="c">30 cm</subfield></datafield><datafield ind1=" " ind2=" " tag="336"><subfield code="b">txt</subfield><subfield code="2">rdacontent</subfield></datafield><datafield ind1=" " ind2=" " tag="337"><subfield code="b">n</subfield><subfield code="2">rdamedia</subfield></datafield><datafield ind1=" " ind2=" " tag="338"><subfield code="b">nc</subfield><subfield code="2">rdacarrier</subfield></datafield><datafield ind1=" " ind2=" " tag="502"><subfield code="a">Th. pharm. Genève, 1998 ; Sc. 2992</subfield></datafield><datafield ind1=" " ind2=" " tag="508"><subfield code="a">Directeur de thèse: Professeur Robert Gurny</subfield></datafield><datafield ind1="8" ind2=" " tag="520"><subfield code="a">En augmentant le temps de contact de la forme galénique avec les tissus oculaires, les inserts ophtalmiques sont des formes solides susceptibles de pallier aux inconvénients des collyres à savoir une faible biodisponibilité, d'importants effets indésirables et une mauvaise observance</subfield><subfield code="5">RERO/geudbu/09.1998</subfield></datafield><datafield ind1="8" ind2=" " tag="520"><subfield code="a">Ainsi, les inserts développés au cours de cette thèse permettent</subfield><subfield code="5">RERO/geudbu/09.1998</subfield></datafield><datafield ind1="8" ind2=" " tag="520"><subfield code="a">- la libération de gentamicine pendant 50 heures</subfield><subfield code="5">RERO/geudbu/09.1998</subfield></datafield><datafield ind1="8" ind2=" " tag="520"><subfield code="a">- la libération différenciée de gentamicine (50 heures) et de dexaméthasone (24 heures)</subfield><subfield code="5">RERO/geudbu/09.1998</subfield></datafield><datafield ind1="8" ind2=" " tag="520"><subfield code="a">- de guérir les infections oculaires bactériennes (KCS et conjonctivite), et</subfield><subfield code="5">RERO/geudbu/09.1998</subfield></datafield><datafield ind1="8" ind2=" " tag="520"><subfield code="a">- de réduire le nombre d'applications (1 mise en place) par rapport au traitement au collyre (21 instillations)</subfield><subfield code="5">RERO/geudbu/09.1998</subfield></datafield><datafield ind1="8" ind2=" " tag="520"><subfield code="a">Cette thèse sous forme de publications décrit également les paramètres du système lacrymal impliqués dans la conception des formes ophtalmiques. Les pathologies couramment rencontrées en ophtalmologie vétérinaire sont abordées et les médicaments disponibles dans le commerce répertoriés</subfield><subfield code="5">RERO/geudbu/09.1998</subfield></datafield><datafield ind1="8" ind2=" " tag="520"><subfield code="a">Enfin, les systèmes pour prolonger la libération des médicaments sont classifiés et comparés</subfield><subfield code="5">RERO/geudbu/09.1998</subfield></datafield><datafield ind1=" " ind2=" " tag="900"><subfield code="a">REROnoselfmerge</subfield></datafield></record>
</metadata></record>