<record><header><identifier>oai:alma.41SLSP_UGE:991000799609705502</identifier><datestamp>2023-03-01T01:09:36Z</datestamp><setSpec>uge_bcen_RapidILL_BOOK</setSpec><setSpec>uge_aaca_RapidILL_BOOK</setSpec><setSpec>uge_abels_RapidILL_BOOK</setSpec><setSpec>uge_dbu_RapidILL_BOOK</setSpec><setSpec>uge_cmu_RapidILL_BOOK</setSpec><setSpec>uge_mail_RapidILL_BOOK</setSpec><setSpec>UNIGE_ALL</setSpec><setSpec>uge_abbat_RapidILL_BOOK</setSpec><setSpec>uge_aobs_RapidILL_BOOK</setSpec><setSpec>uge_acar_RapidILL_BOOK</setSpec></header><metadata>
<record xmlns="http://www.loc.gov/MARC21/slim" xmlns:xsi="http://www.w3.org/2001/XMLSchema-instance" xsi:schemaLocation="http://www.loc.gov/MARC21/slim http://www.loc.gov/standards/marcxml/schema/MARC21slim.xsd"><leader>00974nam a2200289 c 4500</leader><controlfield tag="001">991000799609705502</controlfield><controlfield tag="005">20201227164135.0</controlfield><controlfield tag="008">190906s2019    po            000 0 por d</controlfield><datafield ind1=" " ind2=" " tag="020"><subfield code="a">9789896268695</subfield></datafield><datafield ind1=" " ind2=" " tag="020"><subfield code="a">989626869X</subfield></datafield><datafield ind1=" " ind2=" " tag="035"><subfield code="a">(swissbib)125921500-41slsp_network</subfield></datafield><datafield ind1=" " ind2=" " tag="035"><subfield code="a">125921500</subfield><subfield code="9">ExL</subfield></datafield><datafield ind1=" " ind2=" " tag="035"><subfield code="a">(RERO)R008959609-41slsp</subfield></datafield><datafield ind1=" " ind2=" " tag="035"><subfield code="a">(EXLNZ-41SLSP_NETWORK)991050319219705501</subfield></datafield><datafield ind1=" " ind2=" " tag="040"><subfield code="a">PL#</subfield><subfield code="b">spa</subfield><subfield code="d">CH-ZuSLS</subfield></datafield><datafield ind1=" " ind2="4" tag="050"><subfield code="a">DP</subfield></datafield><datafield ind1=" " ind2="7" tag="072"><subfield code="a">es</subfield><subfield code="2">rero</subfield></datafield><datafield ind1="1" ind2=" " tag="100"><subfield code="a">Dávila, Maria Barreto</subfield><subfield code="d">1983-</subfield><subfield code="4">aut</subfield></datafield><datafield ind1="1" ind2="0" tag="245"><subfield code="a">&lt;&lt;A&gt;&gt; mulher dos descobrimentos</subfield><subfield code="b">D. Beatriz, infanta de Portugal</subfield><subfield code="c">Maria Barreto Dávila</subfield></datafield><datafield ind1=" " ind2=" " tag="250"><subfield code="a">1a. ed.</subfield></datafield><datafield ind1=" " ind2="1" tag="264"><subfield code="a">Lisboa, Portugal</subfield><subfield code="b">A Esfera dos Livros</subfield><subfield code="c">2019</subfield></datafield><datafield ind1=" " ind2=" " tag="300"><subfield code="a">303 p., [8] p. de lam.</subfield><subfield code="b">il.</subfield><subfield code="c">24 cm</subfield></datafield><datafield ind1=" " ind2=" " tag="336"><subfield code="b">txt</subfield><subfield code="2">rdacontent</subfield></datafield><datafield ind1=" " ind2=" " tag="337"><subfield code="b">n</subfield><subfield code="2">rdamedia</subfield></datafield><datafield ind1=" " ind2=" " tag="338"><subfield code="b">nc</subfield><subfield code="2">rdacarrier</subfield></datafield><datafield ind1="0" ind2="7" tag="600"><subfield code="a">Béatrice</subfield><subfield code="c">(du Portugal</subfield><subfield code="c">duchesse de Viseu)</subfield><subfield code="0">(RERO)A028272403</subfield><subfield code="2">rero</subfield></datafield><datafield ind1=" " ind2=" " tag="900"><subfield code="a">REROnoselfmerge</subfield></datafield><datafield ind1=" " ind2=" " tag="910"><subfield code="a">OCoLC</subfield><subfield code="b">20190906</subfield><subfield code="c">Réutilisation sous conditions: Licence ODC-BY</subfield></datafield><datafield ind1=" " ind2=" " tag="993"><subfield code="a">BFLA 291670</subfield><subfield code="x">ge/ulpo/a/19/772-1</subfield><subfield code="9">LOCAL</subfield></datafield></record>
</metadata></record>