<record><header><identifier>oai:alma.41SLSP_UGE:991000799399705502</identifier><datestamp>2023-03-01T01:09:36Z</datestamp><setSpec>uge_bcen_RapidILL_BOOK</setSpec><setSpec>uge_aaca_RapidILL_BOOK</setSpec><setSpec>uge_abels_RapidILL_BOOK</setSpec><setSpec>uge_dbu_RapidILL_BOOK</setSpec><setSpec>uge_cmu_RapidILL_BOOK</setSpec><setSpec>uge_mail_RapidILL_BOOK</setSpec><setSpec>UNIGE_ALL</setSpec><setSpec>uge_abbat_RapidILL_BOOK</setSpec><setSpec>uge_aobs_RapidILL_BOOK</setSpec><setSpec>uge_acar_RapidILL_BOOK</setSpec></header><metadata>
<record xmlns="http://www.loc.gov/MARC21/slim" xmlns:xsi="http://www.w3.org/2001/XMLSchema-instance" xsi:schemaLocation="http://www.loc.gov/MARC21/slim http://www.loc.gov/standards/marcxml/schema/MARC21slim.xsd"><leader>01240nam a22003492c 4500</leader><controlfield tag="001">991000799399705502</controlfield><controlfield tag="005">20211114174454.0</controlfield><controlfield tag="008">201011s1966    fr ||||| |||| 00| ||fre|d</controlfield><datafield ind1="7" ind2=" " tag="024"><subfield code="a">http://catalogue.bnf.fr/ark:/12148/cb330582249</subfield><subfield code="2">uri</subfield></datafield><datafield ind1=" " ind2=" " tag="035"><subfield code="a">(swissbib)226875784-41slsp_network</subfield></datafield><datafield ind1=" " ind2=" " tag="035"><subfield code="a">226875784</subfield><subfield code="9">ExL</subfield></datafield><datafield ind1=" " ind2=" " tag="035"><subfield code="a">(NEBIS)007142021EBI01</subfield></datafield><datafield ind1=" " ind2=" " tag="035"><subfield code="a">(RERO)1915672-41slsp</subfield></datafield><datafield ind1=" " ind2=" " tag="035"><subfield code="a">(EXLNZ-41SLSP_NETWORK)991024844579705501</subfield></datafield><datafield ind1=" " ind2=" " tag="040"><subfield code="a">RERO vsbcvs</subfield><subfield code="d">CH-ZuSLS</subfield></datafield><datafield ind1=" " ind2="7" tag="072"><subfield code="a">fr</subfield><subfield code="2">rero</subfield></datafield><datafield ind1="1" ind2="4" tag="082"><subfield code="a">848.9109</subfield><subfield code="2">20</subfield></datafield><datafield ind1="1" ind2="4" tag="082"><subfield code="a">848.914</subfield><subfield code="2">9a</subfield></datafield><datafield ind1="1" ind2=" " tag="100"><subfield code="a">Jouhandeau, Marcel</subfield><subfield code="d">1888-1979</subfield><subfield code="0">(DE-588)118558455</subfield><subfield code="6">880-01</subfield></datafield><datafield ind1="1" ind2=" " tag="880"><subfield code="6">100-01</subfield><subfield code="a">Jouhandeau, Marcel</subfield><subfield code="d">1888-1979</subfield><subfield code="0">(IDREF)026941198</subfield><subfield code="4">cre</subfield></datafield><datafield ind1="1" ind2="0" tag="245"><subfield code="a">Que la vie est une fête</subfield><subfield code="b">1961</subfield><subfield code="c">Marcel Jouhandeau</subfield></datafield><datafield ind1=" " ind2="1" tag="264"><subfield code="a">[Paris]</subfield><subfield code="b">Gallimard</subfield><subfield code="c">1966</subfield></datafield><datafield ind1=" " ind2=" " tag="300"><subfield code="a">339 p.</subfield><subfield code="c">19 cm</subfield></datafield><datafield ind1=" " ind2=" " tag="336"><subfield code="b">txt</subfield><subfield code="2">rdacontent</subfield></datafield><datafield ind1=" " ind2=" " tag="337"><subfield code="b">n</subfield><subfield code="2">rdamedia</subfield></datafield><datafield ind1=" " ind2=" " tag="338"><subfield code="b">nc</subfield><subfield code="2">rdacarrier</subfield></datafield><datafield ind1="1" ind2=" " tag="490"><subfield code="a">Journaliers / Marcel Jouhandeau</subfield><subfield code="v">8</subfield></datafield><datafield ind1="1" ind2="7" tag="600"><subfield code="a">Jouhandeau, Marcel</subfield><subfield code="d">1888-1979</subfield><subfield code="0">(DE-588)118558455</subfield><subfield code="2">gnd</subfield></datafield><datafield ind1="1" ind2="0" tag="600"><subfield code="a">Jouhandeau, Marcel</subfield><subfield code="d">1888-1979</subfield><subfield code="v">Diaries</subfield></datafield><datafield ind1=" " ind2="7" tag="650"><subfield code="a">Tagebuch</subfield><subfield code="0">(DE-588)4058900-6</subfield><subfield code="2">gnd</subfield></datafield><datafield ind1="1" ind2=" " tag="800"><subfield code="a">Jouhandeau, Marcel</subfield><subfield code="d">1888-1979</subfield><subfield code="t">Journaliers</subfield><subfield code="v">8</subfield><subfield code="w">(NEBIS)006167783EBI01</subfield></datafield><datafield ind1=" " ind2=" " tag="900"><subfield code="a">IDSZ2zbzmon201203rf</subfield><subfield code="c">IDSZ2gehm</subfield></datafield><datafield ind1=" " ind2=" " tag="900"><subfield code="a">REROnoselfmerge</subfield></datafield></record>
</metadata></record>