<record><header><identifier>oai:alma.41SLSP_UGE:991000800129705502</identifier><datestamp>2024-11-16T01:13:45Z</datestamp><setSpec>uge_bcen_RapidILL_BOOK</setSpec><setSpec>uge_aaca_RapidILL_BOOK</setSpec><setSpec>uge_abels_RapidILL_BOOK</setSpec><setSpec>uge_dbu_RapidILL_BOOK</setSpec><setSpec>uge_cmu_RapidILL_BOOK</setSpec><setSpec>uge_mail_RapidILL_BOOK</setSpec><setSpec>uge_abbat_RapidILL_BOOK</setSpec><setSpec>UNIGE_ALL</setSpec><setSpec>uge_aobs_RapidILL_BOOK</setSpec><setSpec>uge_acar_RapidILL_BOOK</setSpec></header><metadata>
<record xmlns="http://www.loc.gov/MARC21/slim" xmlns:xsi="http://www.w3.org/2001/XMLSchema-instance" xsi:schemaLocation="http://www.loc.gov/MARC21/slim http://www.loc.gov/standards/marcxml/schema/MARC21slim.xsd"><leader>06983nam a2201189 c 4500</leader><controlfield tag="001">991000800129705502</controlfield><controlfield tag="005">20241115085210.0</controlfield><controlfield tag="008">201012s2016    sz       |||| 10| | ita|d</controlfield><datafield ind1=" " ind2=" " tag="019"><subfield code="a">Notices analytiques</subfield><subfield code="5">RERO/geubfd/11.2016</subfield></datafield><datafield ind1=" " ind2=" " tag="020"><subfield code="a">3719039129</subfield><subfield code="q">Helbing Lichtenhahn</subfield></datafield><datafield ind1=" " ind2=" " tag="020"><subfield code="a">8881530546</subfield><subfield code="q">CFPG</subfield></datafield><datafield ind1=" " ind2=" " tag="020"><subfield code="a">9783719039127</subfield><subfield code="q">Helbling Lichtenhahn</subfield></datafield><datafield ind1=" " ind2=" " tag="020"><subfield code="a">9788881530540</subfield><subfield code="q">CFPG</subfield></datafield><datafield ind1=" " ind2=" " tag="035"><subfield code="a">(swissbib)241445094-41slsp_network</subfield></datafield><datafield ind1=" " ind2=" " tag="035"><subfield code="a">241445094</subfield><subfield code="9">ExL</subfield></datafield><datafield ind1=" " ind2=" " tag="035"><subfield code="a">(IDSBB)006656568DSV01</subfield></datafield><datafield ind1=" " ind2=" " tag="035"><subfield code="a">(NEBIS)010744414EBI01</subfield></datafield><datafield ind1=" " ind2=" " tag="035"><subfield code="a">(RERO)R008538245-41slsp</subfield></datafield><datafield ind1=" " ind2=" " tag="035"><subfield code="a">(IDSLU)001260518ILU01</subfield></datafield><datafield ind1=" " ind2=" " tag="035"><subfield code="a">(IDSSG)000897165HSB01</subfield></datafield><datafield ind1=" " ind2=" " tag="035"><subfield code="a">(SBT)000836536SBT01</subfield></datafield><datafield ind1=" " ind2=" " tag="035"><subfield code="a">(OCoLC)946473243</subfield></datafield><datafield ind1=" " ind2=" " tag="035"><subfield code="a">(EXLNZ-41SLSP_NETWORK)991127374129705501</subfield></datafield><datafield ind1=" " ind2=" " tag="040"><subfield code="a">RERO iftfla</subfield><subfield code="b">ger</subfield><subfield code="e">rda</subfield><subfield code="d">CH-ZuSLS</subfield></datafield><datafield ind1="0" ind2=" " tag="041"><subfield code="a">ita</subfield><subfield code="a">fre</subfield></datafield><datafield ind1=" " ind2=" " tag="044"><subfield code="a">sz</subfield><subfield code="c">ch-ti</subfield><subfield code="a">sz</subfield><subfield code="c">ch-bs</subfield></datafield><datafield ind1=" " ind2="7" tag="072"><subfield code="a">rw</subfield><subfield code="2">SzZuIDS BS/BE</subfield></datafield><datafield ind1=" " ind2="7" tag="072"><subfield code="a">807</subfield><subfield code="2">IDS LU</subfield></datafield><datafield ind1=" " ind2="7" tag="072"><subfield code="a">822</subfield><subfield code="2">IDS LU</subfield></datafield><datafield ind1="7" ind2="4" tag="082"><subfield code="a">340</subfield><subfield code="2">23sdnb</subfield></datafield><datafield ind1="7" ind2="4" tag="082"><subfield code="a">710</subfield><subfield code="2">23sdnb</subfield></datafield><datafield ind1="1" ind2="4" tag="082"><subfield code="a">340</subfield><subfield code="2">15</subfield></datafield><datafield ind1=" " ind2=" " tag="084"><subfield code="a">340</subfield><subfield code="2">sdnb</subfield></datafield><datafield ind1=" " ind2=" " tag="084"><subfield code="a">CA/CH 47 e</subfield><subfield code="2">cjurrom</subfield></datafield><datafield ind1="1" ind2=" " tag="100"><subfield code="6">880-03</subfield><subfield code="a">Zufferey, Jean-Baptiste</subfield><subfield code="d">1960-</subfield><subfield code="0">(DE-588)1055744584</subfield><subfield code="4">aut</subfield></datafield><datafield ind1="1" ind2=" " tag="880"><subfield code="6">100-03</subfield><subfield code="a">Zufferey, Jean-Baptiste</subfield><subfield code="d">1960-....</subfield><subfield code="0">(IDREF)052472299</subfield><subfield code="4">aut</subfield></datafield><datafield ind1="2" ind2=" " tag="111"><subfield code="6">880-04</subfield><subfield code="a">Commissione ticinese per la formazione permanente dei giuristi</subfield><subfield code="e">Giornata di studio</subfield><subfield code="n">54.</subfield><subfield code="d">2015</subfield><subfield code="c">Lugano</subfield><subfield code="0">(DE-588)1125146818</subfield></datafield><datafield ind1="2" ind2=" " tag="880"><subfield code="6">111-04/(B</subfield><subfield code="a">Commissione ticinese per la formazione permanente dei giuristi</subfield><subfield code="e">Giornata di studio</subfield><subfield code="n">54.</subfield><subfield code="d">2015</subfield><subfield code="c">Lugano</subfield></datafield><datafield ind1="1" ind2="0" tag="245"><subfield code="a">&lt;&lt;Il&gt;&gt; diritto edilizio</subfield><subfield code="b">atti della giornata di studio del 1° giugno 2015</subfield><subfield code="c">Jean-Baptiste Zufferey, Marco Lucchini, Franco Pedrazzini, Mario Branda, Caroline Hess-Klein, Andrea Maria Balerna ; a cura di Marco Lucchini e Fulvio Campello</subfield></datafield><datafield ind1=" " ind2="1" tag="264"><subfield code="a">Lugano</subfield><subfield code="b">Commissione ticinese per la formazione permanente dei giuristi</subfield><subfield code="a">Basilea</subfield><subfield code="b">Helbing Lichtenhahn</subfield><subfield code="c">[2016]</subfield></datafield><datafield ind1=" " ind2=" " tag="300"><subfield code="a">X, 186 pages</subfield></datafield><datafield ind1=" " ind2=" " tag="336"><subfield code="b">txt</subfield><subfield code="2">rdacontent</subfield></datafield><datafield ind1=" " ind2=" " tag="337"><subfield code="b">n</subfield><subfield code="2">rdamedia</subfield></datafield><datafield ind1=" " ind2=" " tag="338"><subfield code="b">nc</subfield><subfield code="2">rdacarrier</subfield></datafield><datafield ind1="1" ind2=" " tag="490"><subfield code="a">Atti della giornata di studio / Commissione ticinese per la formazione permanente dei giuristi</subfield><subfield code="v">54</subfield></datafield><datafield ind1="1" ind2=" " tag="490"><subfield code="a">Atti della giornata di studio del ... / CFPG</subfield><subfield code="v">54</subfield></datafield><datafield ind1="1" ind2=" " tag="490"><subfield code="a">Collection latine</subfield><subfield code="v">Volume 38</subfield></datafield><datafield ind1=" " ind2=" " tag="500"><subfield code="a">Contributions en italien et en français</subfield></datafield><datafield ind1=" " ind2=" " tag="500"><subfield code="a">Atti della giornata di studio del 1° giugno 2015, Lugano, Palazzo dei congressi</subfield></datafield><datafield ind1=" " ind2=" " tag="500"><subfield code="a">Contributi in italiano o francese</subfield></datafield><datafield ind1=" " ind2=" " tag="504"><subfield code="a">Bibliografie: p. VII-X</subfield></datafield><datafield ind1=" " ind2=" " tag="546"><subfield code="a">Beiträge italienisch oder französisch</subfield></datafield><datafield ind1=" " ind2="7" tag="650"><subfield code="a">Denkmalschutz</subfield><subfield code="0">(DE-588)4011457-0</subfield><subfield code="2">gnd</subfield></datafield><datafield ind1=" " ind2="7" tag="650"><subfield code="a">Ortsbildschutz</subfield><subfield code="0">(DE-588)1104767007</subfield><subfield code="2">gnd</subfield></datafield><datafield ind1=" " ind2="7" tag="650"><subfield code="a">Construction</subfield><subfield code="0">(IDREF)027286401</subfield><subfield code="2">idref</subfield></datafield><datafield ind1=" " ind2="7" tag="650"><subfield code="a">Droit</subfield><subfield code="0">(IDREF)027466868</subfield><subfield code="2">idref</subfield></datafield><datafield ind1=" " ind2="7" tag="650"><subfield code="a">Aménagement du territoire</subfield><subfield code="0">(IDREF)027257479</subfield><subfield code="2">idref</subfield></datafield><datafield ind1=" " ind2="7" tag="650"><subfield code="a">Monuments historiques</subfield><subfield code="0">(IDREF)027239829</subfield><subfield code="2">idref</subfield></datafield><datafield ind1=" " ind2="7" tag="650"><subfield code="a">Raumplanung und öffentliches Baurecht</subfield><subfield code="9">ger</subfield><subfield code="0">(RERO)jurivoc000018160ger</subfield><subfield code="2">jurivoc</subfield></datafield><datafield ind1=" " ind2="7" tag="650"><subfield code="a">Bundesrecht</subfield><subfield code="9">ger</subfield><subfield code="0">(RERO)jurivoc000004898ger</subfield><subfield code="2">jurivoc</subfield></datafield><datafield ind1=" " ind2="7" tag="650"><subfield code="a">kantonales Recht</subfield><subfield code="9">ger</subfield><subfield code="0">(RERO)jurivoc000012405ger</subfield><subfield code="2">jurivoc</subfield></datafield><datafield ind1=" " ind2="7" tag="650"><subfield code="a">Droit public</subfield><subfield code="0">(IDREF)050573004</subfield><subfield code="2">idref</subfield></datafield><datafield ind1=" " ind2="7" tag="650"><subfield code="a">Raumordnungsrecht</subfield><subfield code="0">(DE-588)4177077-8</subfield><subfield code="2">gnd</subfield></datafield><datafield ind1=" " ind2="7" tag="650"><subfield code="a">Baurecht</subfield><subfield code="0">(DE-588)4004923-1</subfield><subfield code="2">gnd</subfield></datafield><datafield ind1=" " ind2="7" tag="650"><subfield code="a">Zweitwohnung</subfield><subfield code="0">(DE-588)4191288-3</subfield><subfield code="2">gnd</subfield></datafield><datafield ind1=" " ind2="7" tag="650"><subfield code="a">Edilizia</subfield><subfield code="x">Legislazione</subfield><subfield code="z">Svizzera</subfield><subfield code="2">sbt12</subfield></datafield><datafield ind1=" " ind2="7" tag="651"><subfield code="a">Suisse</subfield><subfield code="0">(IDREF)027249654</subfield><subfield code="2">idref</subfield></datafield><datafield ind1=" " ind2="7" tag="651"><subfield code="a">Schweiz</subfield><subfield code="9">ger</subfield><subfield code="0">(RERO)jurivoc000019912ger</subfield><subfield code="2">jurivoc</subfield></datafield><datafield ind1=" " ind2="7" tag="651"><subfield code="a">Tessin(Kanton)</subfield><subfield code="9">ger</subfield><subfield code="0">(RERO)jurivoc000022419ger</subfield><subfield code="2">jurivoc</subfield></datafield><datafield ind1=" " ind2="7" tag="651"><subfield code="a">Schweiz</subfield><subfield code="0">(DE-588)4053881-3</subfield><subfield code="2">gnd</subfield></datafield><datafield ind1=" " ind2="7" tag="655"><subfield code="a">Konferenzschrift</subfield><subfield code="y">2015</subfield><subfield code="2">gnd-content</subfield></datafield><datafield ind1=" " ind2="7" tag="655"><subfield code="a">Actes de congrès</subfield><subfield code="0">(IDREF)02886431X</subfield><subfield code="2">idref</subfield></datafield><datafield ind1=" " ind2="7" tag="655"><subfield code="a">Konferenzschrift</subfield><subfield code="z">Lugano</subfield><subfield code="y">2015</subfield><subfield code="2">gnd-content</subfield></datafield><datafield ind1=" " ind2="7" tag="655"><subfield code="a">Konferenzschrift</subfield><subfield code="z">Lugano</subfield><subfield code="y">2014</subfield><subfield code="2">gnd-content</subfield></datafield><datafield ind1=" " ind2=" " tag="690"><subfield code="a">Rechtsanwalt; Hochschullehrer; Baurecht; Hochschule; Bundesgesetz; Gesetzgebung; Bellinzona; Court; Et; Institut; Erfahrung; Opposition; Sammlung; Weiterbildung; Franco; Stadt; Basel; Gleichberechtigung; Konsequenz; Lautstärke; Realität</subfield><subfield code="2">idssg-J</subfield></datafield><datafield ind1=" " ind2=" " tag="690"><subfield code="a">Bundesgesetzgebung; Studientag; Zweitwohnsitz</subfield><subfield code="2">idssg-J</subfield></datafield><datafield ind1=" " ind2=" " tag="690"><subfield code="a">architektonisches Erbe; emeritierter Professor; italienische Schweiz; kantonale Realität; strafrechtliche Konsequenz; verantwortlicher Professor</subfield><subfield code="2">idssg-J</subfield></datafield><datafield ind1=" " ind2=" " tag="690"><subfield code="a">Schweiz C4EXSI; Deutschland C4EUGE; Tessin C4EXSI; Italien C4EUIT; Vereinigte Staaten C1USA</subfield><subfield code="2">idssg-J</subfield></datafield><datafield ind1=" " ind2=" " tag="690"><subfield code="a">Abteilung Gleichstellung Intégration; Andrea Maria Balerna; Andrea Maria Balerna Tessin Kommission; Baurecht Jean Bapriste Zufferey Marco Lucchini Franco Pedrazzini; Court of Appeal Rustici; Delia Acts; Dr.iur. LL; Dr.iur. Leiter; Dr.iur. Rechtsanwalt; Dr.iur. Richter; Immobilie Notar Zweitwohnsitze; Jean Bapriste Zufferey; Jean Baptiste Zufferey; Mario Branda; Mark Borghi; Personnes handicapées et barrières; Pour le droit suisse; Rechtsanwalt Helbing Lichten Sammlung Latin; Stadt Bellinzona Caroline Hess; Stadt Bellinzona Erhaltung; Universität Basel Droit; Universität Freiburg Einführung Jean Baptiste Zufferey; Universität Freiburg Le</subfield><subfield code="2">idssg-J</subfield></datafield><datafield ind1=" " ind2=" " tag="691"><subfield code="e">PC 47 CH</subfield><subfield code="2">rzs-L1</subfield></datafield><datafield ind1=" " ind2=" " tag="691"><subfield code="e">346.494045</subfield><subfield code="a">Regolamentazione della pianificazione territoriale e urbana. Svizzera</subfield><subfield code="2">usi-TE</subfield></datafield><datafield ind1="1" ind2=" " tag="700"><subfield code="a">Pedrazzini, Franco</subfield><subfield code="d">19..-....</subfield><subfield code="0">(IDREF)252637739</subfield><subfield code="4">aut</subfield></datafield><datafield ind1="1" ind2=" " tag="700"><subfield code="a">Branda, Mario</subfield><subfield code="d">19..-....</subfield><subfield code="0">(IDREF)263160815</subfield><subfield code="4">edt</subfield></datafield><datafield ind1="1" ind2=" " tag="700"><subfield code="6">880-02</subfield><subfield code="a">Lucchini, Marco</subfield><subfield code="d">1962-</subfield><subfield code="4">aut</subfield><subfield code="4">edt</subfield><subfield code="0">(DE-588)1096229250</subfield></datafield><datafield ind1="1" ind2=" " tag="880"><subfield code="6">700-02</subfield><subfield code="a">Lucchini, Marco</subfield><subfield code="d">1962-....</subfield><subfield code="0">(IDREF)261837192</subfield><subfield code="4">aut</subfield></datafield><datafield ind1="1" ind2=" " tag="700"><subfield code="a">Campello, Fulvio</subfield><subfield code="d">19..-....</subfield><subfield code="0">(IDREF)26316182X</subfield><subfield code="4">edt</subfield></datafield><datafield ind1="1" ind2=" " tag="700"><subfield code="a">Hess-Klein, Caroline</subfield><subfield code="c">juriste</subfield><subfield code="d">19..-....</subfield><subfield code="0">(IDREF)070015678</subfield><subfield code="4">aut</subfield></datafield><datafield ind1="1" ind2=" " tag="700"><subfield code="a">Balerna, Andrea Maria</subfield><subfield code="d">19..-....</subfield><subfield code="0">(IDREF)263161072</subfield><subfield code="4">aut</subfield></datafield><datafield ind1="2" ind2=" " tag="710"><subfield code="a">Commissione ticinese per la formazione permanente dei giuristi</subfield><subfield code="b">Giornata di studio</subfield><subfield code="n">54</subfield><subfield code="d">2015</subfield><subfield code="c">Lugano</subfield><subfield code="0">(RERO)A026673356</subfield></datafield><datafield ind1="1" ind2=" " tag="710"><subfield code="a">Commissione ticinese per la formazione permanente dei giuristi</subfield><subfield code="b">Giornata di studio</subfield><subfield code="d">2015</subfield><subfield code="c">Lugano</subfield></datafield><datafield ind1=" " ind2="0" tag="830"><subfield code="a">Collection latine</subfield><subfield code="v">38</subfield><subfield code="w">(SBT)000178918SBT01</subfield></datafield><datafield ind1=" " ind2="0" tag="830"><subfield code="a">Collection latine</subfield><subfield code="v">38</subfield><subfield code="w">(RERO)R281573060-41slsp</subfield></datafield><datafield ind1=" " ind2="0" tag="830"><subfield code="a">Atti della giornata di studio del ...</subfield><subfield code="v">54</subfield><subfield code="w">(IDSBB)000725607DSV01</subfield></datafield><datafield ind1=" " ind2="0" tag="830"><subfield code="a">Collection latine</subfield><subfield code="v">38</subfield><subfield code="w">(IDSBB)002225209DSV01</subfield></datafield><datafield ind1=" " ind2="0" tag="830"><subfield code="a">Collection latine</subfield><subfield code="v">38</subfield><subfield code="w">(IDSSG)000230568HSB01</subfield></datafield><datafield ind1=" " ind2="0" tag="830"><subfield code="a">Collection latine</subfield><subfield code="n">Série 3</subfield><subfield code="p">Commissione Ticinese per la Formazione Permanente dei Giuristi</subfield><subfield code="v">38</subfield><subfield code="w">(NEBIS)004085134EBI01</subfield></datafield><datafield ind1="4" ind2=" " tag="856"><subfield code="3">Titelblatt und Inhaltsverzeichnis</subfield><subfield code="u">https://toc.library.ethz.ch/objects/pdf03/z01_978-88-8153-054-0_01.pdf</subfield><subfield code="q">pdf</subfield></datafield><datafield ind1=" " ind2=" " tag="900"><subfield code="a">Stoppsignal FRED</subfield></datafield><datafield ind1=" " ind2=" " tag="900"><subfield code="a">IDSZ2zbzmon201611l</subfield><subfield code="c">IDSZ2beer</subfield><subfield code="d">IDSZ2zbzswk201611g</subfield><subfield code="e">IDSZ2bruu</subfield></datafield><datafield ind1=" " ind2=" " tag="900"><subfield code="a">IDSZ2rwimon201610p</subfield><subfield code="c">IDSZ2stei 161101</subfield><subfield code="d">IDSZ2rwiswk201611b</subfield><subfield code="e">IDSZ2meim</subfield></datafield><datafield ind1=" " ind2=" " tag="911"><subfield code="a">700</subfield><subfield code="a">Zufferey, Jean-Baptiste</subfield><subfield code="d">1960-</subfield></datafield><datafield ind1=" " ind2=" " tag="911"><subfield code="a">700</subfield><subfield code="a">Lucchini, Marco</subfield><subfield code="d">1962-</subfield></datafield><datafield ind1=" " ind2=" " tag="949"><subfield code="a">https://toc.library.ethz.ch/objects/pdf03/z01_978-88-8153-054-0_01.pdf</subfield></datafield></record>
</metadata></record>