<record><header><identifier>oai:alma.41SLSP_UGE:991000763719705502</identifier><datestamp>2023-07-01T00:29:28Z</datestamp><setSpec>uge_bcen_RapidILL_BOOK</setSpec><setSpec>uge_aaca_RapidILL_BOOK</setSpec><setSpec>uge_abels_RapidILL_BOOK</setSpec><setSpec>uge_dbu_RapidILL_BOOK</setSpec><setSpec>uge_cmu_RapidILL_BOOK</setSpec><setSpec>uge_mail_RapidILL_BOOK</setSpec><setSpec>uge_abbat_RapidILL_BOOK</setSpec><setSpec>UNIGE_ALL</setSpec><setSpec>uge_acar_RapidILL_BOOK</setSpec><setSpec>uge_aobs_RapidILL_BOOK</setSpec></header><metadata>
<record xmlns="http://www.loc.gov/MARC21/slim" xmlns:xsi="http://www.w3.org/2001/XMLSchema-instance" xsi:schemaLocation="http://www.loc.gov/MARC21/slim http://www.loc.gov/standards/marcxml/schema/MARC21slim.xsd"><leader>05672nam a2200769 c 4500</leader><controlfield tag="001">991000763719705502</controlfield><controlfield tag="005">20230630131418.0</controlfield><controlfield tag="008">201011s2003    it ||||| |||| 00| ||ita d</controlfield><datafield ind1=" " ind2=" " tag="010"><subfield code="a">2004371308</subfield></datafield><datafield ind1=" " ind2=" " tag="020"><subfield code="a">9788804516569</subfield></datafield><datafield ind1=" " ind2=" " tag="020"><subfield code="a">8804516569</subfield><subfield code="c">49.00 EUR</subfield></datafield><datafield ind1="7" ind2=" " tag="024"><subfield code="a">http://catalogue.bnf.fr/ark:/12148/cb391361275</subfield><subfield code="2">uri</subfield></datafield><datafield ind1="3" ind2=" " tag="024"><subfield code="a">9788804516569</subfield></datafield><datafield ind1=" " ind2=" " tag="035"><subfield code="a">(swissbib)228510236-41slsp_network</subfield></datafield><datafield ind1=" " ind2=" " tag="035"><subfield code="a">228510236</subfield><subfield code="9">ExL</subfield></datafield><datafield ind1=" " ind2=" " tag="035"><subfield code="a">(RERO)R003589877-41slsp</subfield></datafield><datafield ind1=" " ind2=" " tag="035"><subfield code="a">(IDSSG)000897128HSB01</subfield></datafield><datafield ind1=" " ind2=" " tag="035"><subfield code="a">(IDSBB)003117401DSV01</subfield></datafield><datafield ind1=" " ind2=" " tag="035"><subfield code="a">(NEBIS)004687015EBI01</subfield></datafield><datafield ind1=" " ind2=" " tag="035"><subfield code="a">(IDSLU)000565220ILU01</subfield></datafield><datafield ind1=" " ind2=" " tag="035"><subfield code="a">(OCoLC)53830147</subfield><subfield code="z">(OCoLC)249147971</subfield></datafield><datafield ind1=" " ind2=" " tag="035"><subfield code="a">(ItFiC)it-01663429</subfield></datafield><datafield ind1=" " ind2=" " tag="035"><subfield code="a">(EXLNZ-41SLSP_NETWORK)991021357879705501</subfield></datafield><datafield ind1=" " ind2=" " tag="040"><subfield code="a">RERO neubfl</subfield><subfield code="d">CH-ZuSLS</subfield></datafield><datafield ind1=" " ind2=" " tag="042"><subfield code="a">pcc</subfield></datafield><datafield ind1=" " ind2=" " tag="043"><subfield code="a">e-it---</subfield></datafield><datafield ind1=" " ind2=" " tag="045"><subfield code="a">x0x4</subfield><subfield code="a">x4x-</subfield></datafield><datafield ind1="0" ind2="0" tag="050"><subfield code="a">PQ4815.O74</subfield><subfield code="b">S24 2003</subfield></datafield><datafield ind1=" " ind2="7" tag="072"><subfield code="a">it</subfield><subfield code="2">rero</subfield></datafield><datafield ind1=" " ind2="7" tag="072"><subfield code="a">it</subfield><subfield code="2">SzZuIDS BS/BE</subfield></datafield><datafield ind1=" " ind2="7" tag="072"><subfield code="a">596</subfield><subfield code="2">IDS LU</subfield></datafield><datafield ind1="0" ind2="4" tag="082"><subfield code="a">858.91</subfield><subfield code="2">22</subfield></datafield><datafield ind1="0" ind2="4" tag="082"><subfield code="a">858</subfield></datafield><datafield ind1="0" ind2="4" tag="082"><subfield code="a">858.91408</subfield></datafield><datafield ind1="1" ind2="4" tag="082"><subfield code="a">858</subfield><subfield code="2">12</subfield></datafield><datafield ind1="1" ind2="4" tag="082"><subfield code="a">809</subfield></datafield><datafield ind1=" " ind2=" " tag="084"><subfield code="a">18.29</subfield><subfield code="2">bcl</subfield></datafield><datafield ind1=" " ind2=" " tag="084"><subfield code="a">17.97</subfield><subfield code="2">bcl</subfield></datafield><datafield ind1=" " ind2=" " tag="084"><subfield code="a">18.27</subfield><subfield code="2">bcl</subfield></datafield><datafield ind1=" " ind2=" " tag="084"><subfield code="a">IV 26880</subfield><subfield code="2">rvk</subfield></datafield><datafield ind1="1" ind2=" " tag="100"><subfield code="6">880-01</subfield><subfield code="a">Fortini, Franco</subfield><subfield code="d">1917-1994</subfield><subfield code="0">(DE-588)118940643</subfield><subfield code="4">aut</subfield></datafield><datafield ind1="1" ind2=" " tag="880"><subfield code="6">100-01</subfield><subfield code="a">Fortini, Franco</subfield><subfield code="d">1917-1994</subfield><subfield code="0">(IDREF)026869926</subfield><subfield code="4">cre</subfield></datafield><datafield ind1="1" ind2="0" tag="245"><subfield code="a">Saggi ed epigrammi</subfield><subfield code="c">Franco Fortini ; a cura e con un saggio introd. di Luca Lenzini ; e uno scritto di Rossana Rossanda</subfield></datafield><datafield ind1=" " ind2=" " tag="250"><subfield code="a">1a edizione</subfield></datafield><datafield ind1=" " ind2="1" tag="264"><subfield code="a">Milano</subfield><subfield code="b">A. Mondadori</subfield><subfield code="c">2003</subfield></datafield><datafield ind1=" " ind2=" " tag="300"><subfield code="a">CXXXIII, 1849 Seiten</subfield><subfield code="c">18 cm</subfield></datafield><datafield ind1=" " ind2=" " tag="336"><subfield code="b">txt</subfield><subfield code="2">rdacontent</subfield></datafield><datafield ind1=" " ind2=" " tag="337"><subfield code="b">n</subfield><subfield code="2">rdamedia</subfield></datafield><datafield ind1=" " ind2=" " tag="338"><subfield code="b">nc</subfield><subfield code="2">rdacarrier</subfield></datafield><datafield ind1="1" ind2=" " tag="490"><subfield code="a">I Meridiani</subfield></datafield><datafield ind1=" " ind2=" " tag="504"><subfield code="a">Includes bibliographical references (pages 1807-1823) and index</subfield></datafield><datafield ind1="1" ind2="7" tag="600"><subfield code="a">Fortini, Franco</subfield><subfield code="d">1917-1994</subfield><subfield code="0">(DE-588)118940643</subfield><subfield code="2">gnd</subfield></datafield><datafield ind1=" " ind2="7" tag="650"><subfield code="a">Literatura italiana (história e crítica)</subfield><subfield code="2">larpcal</subfield></datafield><datafield ind1=" " ind2="0" tag="650"><subfield code="a">Italian literature</subfield><subfield code="y">20th century</subfield></datafield><datafield ind1=" " ind2=" " tag="690"><subfield code="a">Vers; Essay; Poesie; Geschichte; Freiheit; Tod; Schrift; Freund; Clemente; Übersetzung; Bewusstsein; Epigramm; Gasthaus; Beerdigung; Intervention; Feind; Absatz; Alfieri; Ariosto; Bassani; Bertolucci; Biographie; Calvino; Defense; Deus absconditus; Eco; Et; Gadda; Geheimnis; Gewissen; Hoffnung; Laurel; Marx; Palace; Pape; Regierung; Russian; San; Schande; Sexualität; Villon; Zukunft; Auflage; Freude; Hitze; Informationsrecht; Risiko; Sieg; Wahrheit; Besetzung; Blendung; Brecht; Demonstration; Erzählung; Lesung; Literaturkritik; Sammlung; Schreiben; natürliche Sprache; Mensch; Autor; Dichter; Drehmaschine; Erde; Fragment; Industrie; Milan; Ohr; Porträt; Schriftsteller; Stein; Vietnam; Wand</subfield><subfield code="2">idssg-J</subfield></datafield><datafield ind1=" " ind2=" " tag="690"><subfield code="a">Gaststatus; Mittelink; Selbstbewusstsein; Gesprächspartner; Prosaerzählung; Dachgeschoss; Fahrraddieb; Faust; Literaturinstitut; Literaturinstitution; Michelstaedter; Sandstrahler; Sonnenblick</subfield><subfield code="2">idssg-J</subfield></datafield><datafield ind1=" " ind2=" " tag="690"><subfield code="a">andere Form; ausgewählte Schrift; chinesisches Gasthaus; chinesische Pension; chinesisches Spektrum; empfindsame Gärtnerin; erneutes Lesen; erste Auflage; falsche Quote; freier Vers; helllichter Tag; hohe Nacht; irritabler Sekretär; italienisches Gedicht; kleine Predigt; komische Poesie; kommunistischer Antonio; kritischer Feind; letzter Wille; lyrisches Fragment; maskierte Wahrheit; moderne Metrik; naives Modell; natürliche Sprache; neue Karibik; neue Kultur; neue Metrik; politisch Noventa; sprechendes Pferd; stilistische Freiheit; taubes Holz; umstrittenes Gebiet; undankbarer Gast; ungewisses Prinzip; ungewisses Zimmer; vierter Teil; virtueller Player; vorbeiziehende Wolke; weiterer Schritt; wissenschaftliche Prosaerzählung; zweite Auflage; zweites Jahrhundert; zweiter Teil; überlebende Sprache</subfield><subfield code="2">idssg-J</subfield></datafield><datafield ind1=" " ind2=" " tag="690"><subfield code="a">Italien C4EUIT; Vietnam C9VIET; Russland C4EXRU; Südafrika C6SOUT; Deutschland C4EUGE; Grenada C5GREN; Ungarn C4EXHU; Ägypten C7EGYP; Karibische Staaten C50CAR; Schweiz C4EXSI; Welt C00WOR; Vereinigte Staaten C1USA</subfield><subfield code="2">idssg-J</subfield></datafield><datafield ind1=" " ind2=" " tag="690"><subfield code="a">Alessandro Manzoni; Andrea Zanotto; Antonio Gramsci; Arbasino Bertolucci Bertolucci; Ariosto Pasolinis Tod Wand; Bertolt Brecht Gedichte; Bestätigung Reis Kostüme; Bonnes mceurs dédié; Calvino Calvino; Caproni Echo Fenoglio Bertoli Gadda Gadda; Carlo Pisacane; Dante; Defense Idiot Dritten; Elisabetta Nencini; Franco FORTINI; Fenoglio Bertoli Gadda Gadda; Florentine Epigrammi; Form Ausgewählte Schriften; Friends of the; Jaime Pintor; Katze Jury Grisoni; Literatur Alter Brief; Luca Lenzini; Mandela; Mario Luzi; Mann Kafka; Pasternak; Primo Levis Tod Lesen Robert Walser; Proust; Rilke; Robespierre; Roland Barthes; Rossana Rossanda Arnoldo Mondadori; Russian Fusée; San Vittore Fall Ranchetti; Sanctis; Schreiben Lorenzo Milani Einführung; Sonnet Laurel; Stefano Agosti; Tolstoi; Trotzki Tisch Einführung; undankbar Gast Sekunden; Venus; Vergessenheit Kontrolle Rede; Verheißung Luke Lenzini Lxxm Geschichte; Vincenzo Riccardi Lantosca Pape; Vulgari; Wald Lyrische Fragmente Clemente Rebora</subfield><subfield code="2">idssg-J</subfield></datafield><datafield ind1="1" ind2=" " tag="700"><subfield code="a">Rossanda, Rossana</subfield><subfield code="d">1924-2020</subfield><subfield code="0">(IDREF)033450773</subfield></datafield><datafield ind1="1" ind2=" " tag="700"><subfield code="6">880-03</subfield><subfield code="a">Lenzini, Luca</subfield><subfield code="d">1954-</subfield><subfield code="0">(DE-588)137105614</subfield><subfield code="4">edt</subfield></datafield><datafield ind1="1" ind2=" " tag="880"><subfield code="6">700-03</subfield><subfield code="a">Lenzini, Luca</subfield><subfield code="d">1954-....</subfield><subfield code="0">(IDREF)031130054</subfield></datafield><datafield ind1="0" ind2="8" tag="776"><subfield code="i">Online version</subfield><subfield code="a">Fortini, Franco</subfield><subfield code="t">Saggi ed epigrammi</subfield><subfield code="b">1. ed</subfield><subfield code="d">Milano : A. Mondadori, 2003</subfield></datafield><datafield ind1="4" ind2=" " tag="856"><subfield code="u">https://tools.unisg.ch/url/hm00601740</subfield><subfield code="z">Inhaltsverzeichnis</subfield></datafield><datafield ind1=" " ind2="0" tag="830"><subfield code="a">&lt;&lt;I&gt;&gt; meridiani</subfield><subfield code="p">Mondadori</subfield><subfield code="w">(RERO)R009005220-41slsp</subfield></datafield><datafield ind1=" " ind2=" " tag="900"><subfield code="a">IDSZ2zbzmon200407f</subfield><subfield code="c">IDSZ2buch</subfield><subfield code="d">IDSZ2zbzswk200408b</subfield><subfield code="e">IDSZ2brua</subfield></datafield><datafield ind1=" " ind2=" " tag="911"><subfield code="a">100</subfield><subfield code="a">Fortini, Franco</subfield><subfield code="d">1917-1994</subfield></datafield><datafield ind1=" " ind2=" " tag="949"><subfield code="a">https://tools.unisg.ch/url/hm00601740</subfield></datafield><datafield ind1=" " ind2=" " tag="993"><subfield code="a">BFLA 167584</subfield><subfield code="x">ge/ulit/a/04/130</subfield><subfield code="9">LOCAL</subfield></datafield></record>
</metadata></record>