<record><header><identifier>oai:alma.41SLSP_UGE:991000764239705502</identifier><datestamp>2024-03-15T01:27:05Z</datestamp><setSpec>uge_bcen_RapidILL_BOOK</setSpec><setSpec>uge_aaca_RapidILL_BOOK</setSpec><setSpec>uge_abels_RapidILL_BOOK</setSpec><setSpec>uge_dbu_RapidILL_BOOK</setSpec><setSpec>uge_cmu_RapidILL_BOOK</setSpec><setSpec>uge_mail_RapidILL_BOOK</setSpec><setSpec>uge_abbat_RapidILL_BOOK</setSpec><setSpec>UNIGE_ALL</setSpec><setSpec>uge_aobs_RapidILL_BOOK</setSpec><setSpec>uge_acar_RapidILL_BOOK</setSpec></header><metadata>
<record xmlns="http://www.loc.gov/MARC21/slim" xmlns:xsi="http://www.w3.org/2001/XMLSchema-instance" xsi:schemaLocation="http://www.loc.gov/MARC21/slim http://www.loc.gov/standards/marcxml/schema/MARC21slim.xsd"><leader>01609nam a2200445 ca4500</leader><controlfield tag="001">991000764239705502</controlfield><controlfield tag="005">20240314212413.0</controlfield><controlfield tag="008">201011m19909999be            00| | lat  </controlfield><datafield ind1=" " ind2=" " tag="019"><subfield code="a">Übergeordnete Aufnahme = Niveau supérieur = Livello superiore</subfield><subfield code="5">SLSP/2020</subfield></datafield><datafield ind1=" " ind2=" " tag="035"><subfield code="a">(swissbib)224242954-41slsp_network</subfield></datafield><datafield ind1=" " ind2=" " tag="035"><subfield code="a">224242954</subfield><subfield code="9">ExL</subfield></datafield><datafield ind1=" " ind2=" " tag="035"><subfield code="a">(NEBIS)003880896EBI01</subfield></datafield><datafield ind1=" " ind2=" " tag="035"><subfield code="a">(IDSBB)000648203DSV01</subfield></datafield><datafield ind1=" " ind2=" " tag="035"><subfield code="a">(SBT)000008640SBT01</subfield></datafield><datafield ind1=" " ind2=" " tag="035"><subfield code="a">(RERO)1269637-41slsp</subfield></datafield><datafield ind1=" " ind2=" " tag="035"><subfield code="a">(IDSLU)000596133ILU01</subfield></datafield><datafield ind1=" " ind2=" " tag="035"><subfield code="a">(EXLNZ-41SLSP_NETWORK)991110605989705501</subfield></datafield><datafield ind1=" " ind2=" " tag="040"><subfield code="a">ZBZ</subfield><subfield code="d">CH-ZuSLS</subfield></datafield><datafield ind1=" " ind2="7" tag="072"><subfield code="a">th</subfield><subfield code="2">SzZuIDS BS/BE</subfield></datafield><datafield ind1=" " ind2="7" tag="072"><subfield code="a">ph</subfield><subfield code="2">SzZuIDS BS/BE</subfield></datafield><datafield ind1=" " ind2="7" tag="072"><subfield code="a">th</subfield><subfield code="2">rero</subfield></datafield><datafield ind1=" " ind2="7" tag="072"><subfield code="a">740</subfield><subfield code="2">IDS LU</subfield></datafield><datafield ind1=" " ind2=" " tag="084"><subfield code="a">BO 1165</subfield><subfield code="2">rvk</subfield></datafield><datafield ind1="1" ind2=" " tag="100"><subfield code="a">Lullus, Raimundus</subfield><subfield code="d">1232-1315</subfield><subfield code="0">(DE-588)118575279</subfield></datafield><datafield ind1="1" ind2="0" tag="240"><subfield code="a">Opera latina</subfield><subfield code="p">Supplementum</subfield></datafield><datafield ind1="1" ind2="0" tag="245"><subfield code="a">Raimundi Lulli opera Latina</subfield><subfield code="p">Supplementum Lullianum</subfield></datafield><datafield ind1="1" ind2="0" tag="246"><subfield code="a">Raimundi Lulli Opera latina</subfield><subfield code="p">Supplementum Lullianum</subfield></datafield><datafield ind1="1" ind2="3" tag="246"><subfield code="a">Supplementi Lulliani</subfield></datafield><datafield ind1="1" ind2="0" tag="246"><subfield code="a">Supplementum Lullianum</subfield></datafield><datafield ind1=" " ind2="1" tag="264"><subfield code="a">Turnholti</subfield><subfield code="b">Brepols</subfield><subfield code="c">1990-&gt;</subfield></datafield><datafield ind1=" " ind2=" " tag="300"><subfield code="a">T. 1-</subfield><subfield code="c">26 cm</subfield></datafield><datafield ind1=" " ind2=" " tag="336"><subfield code="b">txt</subfield><subfield code="2">rdacontent</subfield></datafield><datafield ind1=" " ind2=" " tag="337"><subfield code="b">n</subfield><subfield code="2">rdamedia</subfield></datafield><datafield ind1=" " ind2=" " tag="338"><subfield code="b">nc</subfield><subfield code="2">rdacarrier</subfield></datafield><datafield ind1="0" ind2=" " tag="490"><subfield code="a">Corpus Christianorum. Continuatio mediaevalis</subfield></datafield><datafield ind1=" " ind2=" " tag="580"><subfield code="a">Suppl. de: Raimundi Lulli opera latina</subfield></datafield><datafield ind1=" " ind2=" " tag="691"><subfield code="e">270.1</subfield><subfield code="a">Storia della Chiesa. Periodo apostolico, fino al 325</subfield><subfield code="2">usi-TE</subfield></datafield><datafield ind1="0" ind2=" " tag="772"><subfield code="t">Raimundi Lulli Opera latina</subfield><subfield code="w">(SBT)000000850SBT01</subfield></datafield><datafield ind1=" " ind2=" " tag="900"><subfield code="a">IDSZ2zbzmon200004e</subfield><subfield code="c">IDSZ2veze</subfield></datafield><datafield ind1=" " ind2=" " tag="900"><subfield code="a">REROnoselfmerge</subfield></datafield><datafield ind1=" " ind2=" " tag="911"><subfield code="a">Lull, Ramon</subfield><subfield code="c">Mystiker, Enzyklopädist, Dichter, Spanien</subfield><subfield code="d">ca. 1232-1316</subfield><subfield code="5">IDSLU/ger</subfield></datafield></record>
</metadata></record>