<record><header><identifier>oai:alma.41SLSP_UGE:991000763729705502</identifier><datestamp>2024-01-28T01:20:11Z</datestamp><setSpec>uge_bcen_RapidILL_BOOK</setSpec><setSpec>uge_aaca_RapidILL_BOOK</setSpec><setSpec>uge_abels_RapidILL_BOOK</setSpec><setSpec>uge_dbu_RapidILL_BOOK</setSpec><setSpec>uge_cmu_RapidILL_BOOK</setSpec><setSpec>uge_mail_RapidILL_BOOK</setSpec><setSpec>uge_abbat_RapidILL_BOOK</setSpec><setSpec>UNIGE_ALL</setSpec><setSpec>uge_acar_RapidILL_BOOK</setSpec><setSpec>uge_aobs_RapidILL_BOOK</setSpec></header><metadata>
<record xmlns="http://www.loc.gov/MARC21/slim" xmlns:xsi="http://www.w3.org/2001/XMLSchema-instance" xsi:schemaLocation="http://www.loc.gov/MARC21/slim http://www.loc.gov/standards/marcxml/schema/MARC21slim.xsd"><leader>05734nam a2200769 c 4500</leader><controlfield tag="001">991000763729705502</controlfield><controlfield tag="005">20230619201134.0</controlfield><controlfield tag="008">201012s2018    xxu||||| |||| 00| ||eng d</controlfield><datafield ind1=" " ind2=" " tag="010"><subfield code="a">2017055139</subfield></datafield><datafield ind1=" " ind2=" " tag="020"><subfield code="a">9780813597775</subfield><subfield code="q">hardback : alk. paper</subfield></datafield><datafield ind1=" " ind2=" " tag="020"><subfield code="a">9780813597768</subfield><subfield code="q">paperback : alk. paper</subfield></datafield><datafield ind1="7" ind2=" " tag="024"><subfield code="a">http://catalogue.bnf.fr/ark:/12148/cb45555409g</subfield><subfield code="2">uri</subfield></datafield><datafield ind1=" " ind2=" " tag="035"><subfield code="a">(swissbib)232835500-41slsp_network</subfield></datafield><datafield ind1=" " ind2=" " tag="035"><subfield code="a">232835500</subfield><subfield code="9">ExL</subfield></datafield><datafield ind1=" " ind2=" " tag="035"><subfield code="a">(RERO)R008800803-41slsp</subfield></datafield><datafield ind1=" " ind2=" " tag="035"><subfield code="a">(NEBIS)011149148EBI01</subfield></datafield><datafield ind1=" " ind2=" " tag="035"><subfield code="a">(OCoLC)1023813949</subfield></datafield><datafield ind1=" " ind2=" " tag="035"><subfield code="a">(EXLNZ-41SLSP_NETWORK)991150643499705501</subfield></datafield><datafield ind1=" " ind2=" " tag="040"><subfield code="a">DLC</subfield><subfield code="b">eng</subfield><subfield code="e">rda</subfield><subfield code="d">CH-ZuSLS</subfield></datafield><datafield ind1=" " ind2=" " tag="042"><subfield code="a">pcc</subfield></datafield><datafield ind1=" " ind2="0" tag="050"><subfield code="a">K5250</subfield><subfield code="b">.U53 2018</subfield></datafield><datafield ind1=" " ind2="7" tag="072"><subfield code="a">dr</subfield><subfield code="2">rero</subfield></datafield><datafield ind1="0" ind2="0" tag="082"><subfield code="a">340/.115</subfield><subfield code="2">23</subfield></datafield><datafield ind1="1" ind2="4" tag="082"><subfield code="a">340</subfield><subfield code="2">15</subfield></datafield><datafield ind1=" " ind2=" " tag="084"><subfield code="a">D 19 g</subfield><subfield code="2">cjurrom</subfield></datafield><datafield ind1=" " ind2=" " tag="084"><subfield code="a">POL035010</subfield><subfield code="2">bisacsh</subfield></datafield><datafield ind1="0" ind2="0" tag="245"><subfield code="a">Understanding the age of transitional justice</subfield><subfield code="b">crimes, courts, commissions, and chronicling</subfield><subfield code="c">ed. by Nanci Adler</subfield></datafield><datafield ind1=" " ind2="1" tag="264"><subfield code="a">New Brunswick</subfield><subfield code="b">Rutgers University Press</subfield><subfield code="c">2018</subfield></datafield><datafield ind1=" " ind2=" " tag="300"><subfield code="a">vi, 250 Seiten</subfield><subfield code="b">Illustrationen</subfield></datafield><datafield ind1=" " ind2=" " tag="336"><subfield code="b">txt</subfield><subfield code="2">rdacontent</subfield></datafield><datafield ind1=" " ind2=" " tag="337"><subfield code="b">n</subfield><subfield code="2">rdamedia</subfield></datafield><datafield ind1=" " ind2=" " tag="338"><subfield code="b">nc</subfield><subfield code="2">rdacarrier</subfield></datafield><datafield ind1="1" ind2=" " tag="490"><subfield code="a">Genocide, political violence, human rights series</subfield></datafield><datafield ind1=" " ind2=" " tag="504"><subfield code="a">Includes bibliographical references and index</subfield></datafield><datafield ind1="0" ind2=" " tag="505"><subfield code="a">Machine generated contents note: Introduction: On History, Historians, and Transitional Justice / Nanci Adler Part I: Truth and Justice Chapter 1: Swinging the Pendulum: Fin de Siecle Historians in the Courts / Vladimir Petrović Chapter 2: Time, Justice and Human Rights: Statutory Limitation on the Right to Truth? / William A. Schabas Chapter 3: How Truth Recovery Can Benefit from a Conditional Amnesty / Jeremy Sarkin Chapter 4: New Epistemologies for Confronting International Crimes: Developing the IDP Approach to Transitional Justice / Stephan Parmentier, Mina Rauschenbach, and Maarten van Craen Part II: The Trial Record Chapter 5: The Spark for Genocide? Propaganda and Historical Narratives at International Criminal Tribunals / Richard Ashby Wilson Chapter 6: The International Criminal Trial Record as Historical Source / Thijs B. Bouwknegt Part III: The Afterlife of Transitional Justice Processes Chapter 7: Narrating (In)Justice in the Form of a Reparation Claim: Bottom-up Reflections on a Post-Colonial Setting -- The Rawagede Case / Nicole L. Immler Chapter 8: Collective and Competitive Victimhood as Identity in the Former Yugoslavia / Christian Axboe Nielsen Chapter 9: Perpetrator-Victims: How Universal Victimhood in Cambodia Impacts Transitional Justice Measures / Timothy Williams Chapter 10: Collective Crimes, Collective Memory, and Transitional Justice in Bangladesh / Kjell Anderson</subfield></datafield><datafield ind1="8" ind2=" " tag="520"><subfield code="a">&quot;Since the 1980s, an array of legal and non-legal practices--labeled Transitional Justice--has been developed to support post-repressive, post-authoritarian, and post-conflict societies in dealing with their traumatic past. In Understanding the Age of Transitional Justice, the contributors analyze the processes, products, and efficacy of a number of transitional justice mechanisms and look at how genocide, mass political violence, and historical injustices are being institutionally addressed. They invite readers to speculate on what (else) the transcripts produced by these institutions tell us about the past and the present, calling attention to the influence of implicit history conveyed in the narratives that have gained an audience through international criminal tribunals, trials, and truth commissions. Nanci Adler has gathered leading specialists to scrutinize the responses to and effects of violent pasts that provide new perspectives for understanding and applying transitional justice mechanisms in an effort to stop the recycling of old repressions into new ones&quot;--</subfield><subfield code="c">Provided by publisher</subfield></datafield><datafield ind1=" " ind2="7" tag="648"><subfield code="a">Geschichte</subfield><subfield code="2">gnd</subfield></datafield><datafield ind1=" " ind2="0" tag="650"><subfield code="a">Political crimes and offenses</subfield></datafield><datafield ind1=" " ind2="0" tag="650"><subfield code="a">Transitional justice</subfield></datafield><datafield ind1=" " ind2="0" tag="650"><subfield code="a">Truth commissions</subfield></datafield><datafield ind1=" " ind2="7" tag="650"><subfield code="a">Justice transitionnelle</subfield><subfield code="0">(IDREF)137747268</subfield><subfield code="2">idref</subfield></datafield><datafield ind1=" " ind2="7" tag="650"><subfield code="a">Droit à la vérité (droit international)</subfield><subfield code="0">(IDREF)195970306</subfield><subfield code="2">idref</subfield></datafield><datafield ind1=" " ind2="7" tag="650"><subfield code="a">Génocide</subfield><subfield code="0">(IDREF)027678539</subfield><subfield code="2">idref</subfield></datafield><datafield ind1=" " ind2="7" tag="650"><subfield code="a">Tribunaux criminels internationaux</subfield><subfield code="0">(IDREF)034033076</subfield><subfield code="2">idref</subfield></datafield><datafield ind1=" " ind2="7" tag="650"><subfield code="a">Droit international pénal</subfield><subfield code="0">(IDREF)027771466</subfield><subfield code="2">idref</subfield></datafield><datafield ind1=" " ind2="7" tag="650"><subfield code="a">Amnistie</subfield><subfield code="0">(IDREF)027302814</subfield><subfield code="2">idref</subfield></datafield><datafield ind1=" " ind2="7" tag="650"><subfield code="a">Crimes et délits politiques</subfield><subfield code="0">(IDREF)027288285</subfield><subfield code="2">idref</subfield></datafield><datafield ind1=" " ind2="7" tag="650"><subfield code="a">Transitional Justice</subfield><subfield code="0">(DE-588)1069126748</subfield><subfield code="2">gnd</subfield></datafield><datafield ind1=" " ind2="7" tag="650"><subfield code="a">Vergangenheitsbewältigung</subfield><subfield code="0">(DE-588)4061672-1</subfield><subfield code="2">gnd</subfield></datafield><datafield ind1=" " ind2="7" tag="650"><subfield code="a">POLITICAL SCIENCE / Political Freedom &amp; Security / Human Rights</subfield><subfield code="2">bisacsh</subfield></datafield><datafield ind1=" " ind2="7" tag="650"><subfield code="a">LAW / International</subfield><subfield code="2">bisacsh</subfield></datafield><datafield ind1=" " ind2="7" tag="650"><subfield code="a">SOCIAL SCIENCE / Criminology</subfield><subfield code="2">bisacsh</subfield></datafield><datafield ind1=" " ind2="7" tag="650"><subfield code="a">LAW / Judicial Power</subfield><subfield code="2">bisacsh</subfield></datafield><datafield ind1=" " ind2="7" tag="650"><subfield code="a">Political crimes and offenses</subfield><subfield code="2">fast</subfield></datafield><datafield ind1=" " ind2="7" tag="650"><subfield code="a">Transitional justice</subfield><subfield code="2">fast</subfield></datafield><datafield ind1=" " ind2="7" tag="650"><subfield code="a">Truth commissions</subfield><subfield code="2">fast</subfield></datafield><datafield ind1=" " ind2="7" tag="651"><subfield code="a">Cambodge</subfield><subfield code="0">(IDREF)027250644</subfield><subfield code="2">idref</subfield></datafield><datafield ind1=" " ind2="7" tag="651"><subfield code="a">Bangladesh</subfield><subfield code="0">(IDREF)027376281</subfield><subfield code="2">idref</subfield></datafield><datafield ind1=" " ind2="7" tag="651"><subfield code="a">Indonésie</subfield><subfield code="0">(IDREF)027358305</subfield><subfield code="2">idref</subfield></datafield><datafield ind1=" " ind2="7" tag="651"><subfield code="a">Ex-Yougoslavie</subfield><subfield code="0">(IDREF)034512772</subfield><subfield code="2">idref</subfield></datafield><datafield ind1=" " ind2="7" tag="655"><subfield code="a">[Études diverses]</subfield><subfield code="0">(RERO)A022249905</subfield><subfield code="2">rero</subfield></datafield><datafield ind1=" " ind2="7" tag="655"><subfield code="a">Aufsatzsammlung</subfield><subfield code="2">gnd-content</subfield></datafield><datafield ind1="1" ind2=" " tag="700"><subfield code="a">Adler, Nanci</subfield><subfield code="d">1963-</subfield><subfield code="6">880-02</subfield><subfield code="0">(DE-588)1043007768</subfield><subfield code="4">edt</subfield></datafield><datafield ind1="1" ind2=" " tag="880"><subfield code="6">700-02</subfield><subfield code="a">Adler, Nanci</subfield><subfield code="d">19..-....</subfield><subfield code="0">(IDREF)033821038</subfield></datafield><datafield ind1=" " ind2="0" tag="830"><subfield code="a">Genocide, political violence, human rights series</subfield><subfield code="w">991170594223705501</subfield></datafield><datafield ind1="4" ind2=" " tag="856"><subfield code="3">Titelblatt und Inhaltsverzeichnis</subfield><subfield code="u">https://toc.library.ethz.ch/objects/pdf03/z01_978-0-8135-9777-5_01.pdf</subfield><subfield code="q">pdf</subfield></datafield><datafield ind1=" " ind2=" " tag="900"><subfield code="a">IDSZ2zbzmon201808f</subfield><subfield code="c">IDSZ2wieg</subfield><subfield code="d">IDSZ2zbzswk201810g</subfield><subfield code="e">IDSZ2bruu</subfield></datafield><datafield ind1=" " ind2=" " tag="949"><subfield code="a">https://toc.library.ethz.ch/objects/pdf03/z01_978-0-8135-9777-5_01.pdf</subfield></datafield></record>
</metadata></record>