<record><header><identifier>oai:alma.41SLSP_UGE:991000763829705502</identifier><datestamp>2023-03-01T01:09:40Z</datestamp><setSpec>uge_bcen_RapidILL_BOOK</setSpec><setSpec>uge_aaca_RapidILL_BOOK</setSpec><setSpec>uge_abels_RapidILL_BOOK</setSpec><setSpec>uge_dbu_RapidILL_BOOK</setSpec><setSpec>uge_cmu_RapidILL_BOOK</setSpec><setSpec>uge_mail_RapidILL_BOOK</setSpec><setSpec>UNIGE_ALL</setSpec><setSpec>uge_abbat_RapidILL_BOOK</setSpec><setSpec>uge_aobs_RapidILL_BOOK</setSpec><setSpec>uge_acar_RapidILL_BOOK</setSpec></header><metadata>
<record xmlns="http://www.loc.gov/MARC21/slim" xmlns:xsi="http://www.w3.org/2001/XMLSchema-instance" xsi:schemaLocation="http://www.loc.gov/MARC21/slim http://www.loc.gov/standards/marcxml/schema/MARC21slim.xsd"><leader>02163nam a2200349 c 4500</leader><controlfield tag="001">991000763829705502</controlfield><controlfield tag="005">20201225191524.0</controlfield><controlfield tag="008">900724s1989    gr ||||| |||| 00| ||gre d</controlfield><datafield ind1=" " ind2=" " tag="020"><subfield code="a">960726200X</subfield></datafield><datafield ind1=" " ind2=" " tag="035"><subfield code="a">(swissbib)084851813-41slsp_network</subfield></datafield><datafield ind1=" " ind2=" " tag="035"><subfield code="a">084851813</subfield><subfield code="9">ExL</subfield></datafield><datafield ind1=" " ind2=" " tag="035"><subfield code="a">(RERO)1269718-41slsp</subfield></datafield><datafield ind1=" " ind2=" " tag="035"><subfield code="a">(EXLNZ-41SLSP_NETWORK)991114688969705501</subfield></datafield><datafield ind1=" " ind2=" " tag="040"><subfield code="a">RERO neubfl</subfield><subfield code="d">CH-ZuSLS</subfield></datafield><datafield ind1=" " ind2="7" tag="072"><subfield code="a">ha</subfield><subfield code="2">rero</subfield></datafield><datafield ind1="1" ind2=" " tag="080"><subfield code="a">930.271(391)</subfield></datafield><datafield ind1="1" ind2=" " tag="100"><subfield code="6">880-01</subfield><subfield code="a">Kontorinī, Vasa</subfield><subfield code="0">(IDREF)028767284</subfield><subfield code="4">cre</subfield></datafield><datafield ind1="1" ind2=" " tag="880"><subfield code="6">100-01/(S</subfield><subfield code="a">Κοντορίνη, Βάσα</subfield></datafield><datafield ind1="1" ind2="0" tag="245"><subfield code="6">880-02</subfield><subfield code="a">Anekdotes epigrafes Rodou</subfield><subfield code="b">= Inscriptions inédites de Rhodes</subfield><subfield code="c">Vasa Kontorini̲</subfield></datafield><datafield ind1="1" ind2="0" tag="880"><subfield code="6">245-02/(S</subfield><subfield code="a">Ανέκδοτες επιγραφές Ρόδου</subfield><subfield code="b">= Inscriptions inédites de Rhodes</subfield><subfield code="c">Βάσα Κοντορίνη</subfield></datafield><datafield ind1=" " ind2="1" tag="264"><subfield code="6">880-03</subfield><subfield code="a">Athi̲na</subfield><subfield code="b">Institouto tou vivliou</subfield><subfield code="c">1989</subfield></datafield><datafield ind1=" " ind2="1" tag="880"><subfield code="6">264-03/(S</subfield><subfield code="a">Αθήνα</subfield><subfield code="b">Ινστιτούτο του βιβλίου</subfield><subfield code="c">1989</subfield></datafield><datafield ind1=" " ind2=" " tag="300"><subfield code="a">223, XLIX p.</subfield><subfield code="b">ill.</subfield><subfield code="c">24 cm</subfield></datafield><datafield ind1=" " ind2=" " tag="336"><subfield code="b">txt</subfield><subfield code="2">rdacontent</subfield></datafield><datafield ind1=" " ind2=" " tag="337"><subfield code="b">n</subfield><subfield code="2">rdamedia</subfield></datafield><datafield ind1=" " ind2=" " tag="338"><subfield code="b">nc</subfield><subfield code="2">rdacarrier</subfield></datafield><datafield ind1="1" ind2=" " tag="490"><subfield code="6">880-04</subfield><subfield code="a">Rhodiaka / Vassa Kontorini</subfield><subfield code="v">2</subfield></datafield><datafield ind1="0" ind2=" " tag="880"><subfield code="6">490-04/(S</subfield><subfield code="a">Ροδιακά / Βάσα Κοντορίνη</subfield><subfield code="v">2</subfield></datafield><datafield ind1=" " ind2=" " tag="500"><subfield code="a">Avec résumé en français</subfield></datafield><datafield ind1=" " ind2=" " tag="500"><subfield code="a">Ouvrage faisant suite à Rodiaka 1, mentionné dans le résumé</subfield></datafield><datafield ind1="1" ind2=" " tag="800"><subfield code="6">880-05</subfield><subfield code="a">Kontorinē, Vasa</subfield><subfield code="t">Rhodiaka</subfield><subfield code="v">2</subfield><subfield code="w">(RERO)0559207-41slsp</subfield></datafield><datafield ind1="1" ind2=" " tag="880"><subfield code="6">800-05/(S</subfield><subfield code="a">Κοντορίνη, Βάσα</subfield><subfield code="t">Ροδιακά</subfield><subfield code="v">2</subfield></datafield><datafield ind1=" " ind2=" " tag="900"><subfield code="a">REROnoselfmerge</subfield></datafield></record>
</metadata></record>