<record><header><identifier>oai:alma.41SLSP_UGE:991000764139705502</identifier><datestamp>2023-03-01T01:09:40Z</datestamp><setSpec>uge_bcen_RapidILL_BOOK</setSpec><setSpec>uge_aaca_RapidILL_BOOK</setSpec><setSpec>uge_abels_RapidILL_BOOK</setSpec><setSpec>uge_dbu_RapidILL_BOOK</setSpec><setSpec>uge_cmu_RapidILL_BOOK</setSpec><setSpec>uge_mail_RapidILL_BOOK</setSpec><setSpec>UNIGE_ALL</setSpec><setSpec>uge_abbat_RapidILL_BOOK</setSpec><setSpec>uge_aobs_RapidILL_BOOK</setSpec><setSpec>uge_acar_RapidILL_BOOK</setSpec></header><metadata>
<record xmlns="http://www.loc.gov/MARC21/slim" xmlns:xsi="http://www.w3.org/2001/XMLSchema-instance" xsi:schemaLocation="http://www.loc.gov/MARC21/slim http://www.loc.gov/standards/marcxml/schema/MARC21slim.xsd"><leader>00955nam a2200253 c 4500</leader><controlfield tag="001">991000764139705502</controlfield><controlfield tag="005">20201225185512.0</controlfield><controlfield tag="008">870130m19111916fr ||||| |||| 00| ||spa d</controlfield><datafield ind1=" " ind2=" " tag="035"><subfield code="a">(swissbib)081455275-41slsp_network</subfield></datafield><datafield ind1=" " ind2=" " tag="035"><subfield code="a">081455275</subfield><subfield code="9">ExL</subfield></datafield><datafield ind1=" " ind2=" " tag="035"><subfield code="a">(RERO)0801529-41slsp</subfield></datafield><datafield ind1=" " ind2=" " tag="035"><subfield code="a">(EXLNZ-41SLSP_NETWORK)991107326849705501</subfield></datafield><datafield ind1=" " ind2=" " tag="040"><subfield code="a">RERO geudbu</subfield><subfield code="d">CH-ZuSLS</subfield></datafield><datafield ind1=" " ind2="7" tag="072"><subfield code="a">es</subfield><subfield code="2">rero</subfield></datafield><datafield ind1="1" ind2=" " tag="100"><subfield code="a">Cervantes Saavedra, Miguel de</subfield><subfield code="d">1547-1616</subfield><subfield code="0">(IDREF)026774771</subfield><subfield code="4">cre</subfield></datafield><datafield ind1="1" ind2="0" tag="245"><subfield code="a">Don Quijote de la Mancha</subfield><subfield code="c">Cervantes Saavedra</subfield></datafield><datafield ind1=" " ind2="1" tag="264"><subfield code="a">Strasburgo</subfield><subfield code="b">J.H.E. Heitz</subfield><subfield code="a">Bruxelles</subfield><subfield code="b">G. van Oest</subfield><subfield code="c">[1911-1916.]</subfield></datafield><datafield ind1=" " ind2=" " tag="300"><subfield code="a">2 vol.</subfield><subfield code="c">14 cm</subfield></datafield><datafield ind1=" " ind2=" " tag="336"><subfield code="b">txt</subfield><subfield code="2">rdacontent</subfield></datafield><datafield ind1=" " ind2=" " tag="337"><subfield code="b">n</subfield><subfield code="2">rdamedia</subfield></datafield><datafield ind1=" " ind2=" " tag="338"><subfield code="b">nc</subfield><subfield code="2">rdacarrier</subfield></datafield><datafield ind1="1" ind2=" " tag="490"><subfield code="a">Bibliotheca romanica</subfield><subfield code="v">137/141</subfield><subfield code="v">151/153. Biblioteca española</subfield></datafield><datafield ind1="1" ind2="2" tag="700"><subfield code="a">Cervantes Saavedra, Miguel de</subfield><subfield code="d">1547-1616</subfield><subfield code="t">&lt;&lt;El&gt;&gt; ingenioso hidalgo Don Quijote de la Mancha</subfield></datafield><datafield ind1=" " ind2=" " tag="830"><subfield code="a">Bibliotheca Romanica</subfield><subfield code="v">137/141,151/153</subfield><subfield code="w">(RERO)0801265-41slsp</subfield></datafield><datafield ind1=" " ind2=" " tag="900"><subfield code="a">REROnoselfmerge</subfield></datafield></record>
</metadata></record>