<record><header><identifier>oai:alma.41SLSP_UGE:991000763709705502</identifier><datestamp>2023-04-12T00:11:48Z</datestamp><setSpec>uge_bcen_RapidILL_BOOK</setSpec><setSpec>uge_aaca_RapidILL_BOOK</setSpec><setSpec>uge_abels_RapidILL_BOOK</setSpec><setSpec>uge_dbu_RapidILL_BOOK</setSpec><setSpec>uge_cmu_RapidILL_BOOK</setSpec><setSpec>uge_mail_RapidILL_BOOK</setSpec><setSpec>uge_abbat_RapidILL_BOOK</setSpec><setSpec>UNIGE_ALL</setSpec><setSpec>uge_aobs_RapidILL_BOOK</setSpec><setSpec>uge_acar_RapidILL_BOOK</setSpec></header><metadata>
<record xmlns="http://www.loc.gov/MARC21/slim" xmlns:xsi="http://www.w3.org/2001/XMLSchema-instance" xsi:schemaLocation="http://www.loc.gov/MARC21/slim http://www.loc.gov/standards/marcxml/schema/MARC21slim.xsd"><leader>02386nam a2200565 c 4500</leader><controlfield tag="001">991000763709705502</controlfield><controlfield tag="005">20230410200917.0</controlfield><controlfield tag="008">201012s2019    fr       |||| 000 0 fre|d</controlfield><datafield ind1=" " ind2=" " tag="020"><subfield code="a">9791092011753</subfield></datafield><datafield ind1=" " ind2=" " tag="035"><subfield code="a">(swissbib)24012989X-41slsp_network</subfield></datafield><datafield ind1=" " ind2=" " tag="035"><subfield code="a">24012989X</subfield><subfield code="9">ExL</subfield></datafield><datafield ind1=" " ind2=" " tag="035"><subfield code="a">(NEBIS)011511324EBI01</subfield></datafield><datafield ind1=" " ind2=" " tag="035"><subfield code="a">(RERO)R008915209-41slsp</subfield></datafield><datafield ind1=" " ind2=" " tag="035"><subfield code="a">(OCoLC)1121194515</subfield></datafield><datafield ind1=" " ind2=" " tag="035"><subfield code="a">(EXLNZ-41SLSP_NETWORK)991055236379705501</subfield></datafield><datafield ind1=" " ind2=" " tag="040"><subfield code="a">ERASP</subfield><subfield code="b">ger</subfield><subfield code="e">rda</subfield><subfield code="d">CH-ZuSLS</subfield></datafield><datafield ind1="1" ind2=" " tag="041"><subfield code="a">fre</subfield><subfield code="h">frm</subfield></datafield><datafield ind1=" " ind2="4" tag="050"><subfield code="a">PN</subfield></datafield><datafield ind1=" " ind2="7" tag="072"><subfield code="a">hm</subfield><subfield code="2">rero</subfield></datafield><datafield ind1="0" ind2="4" tag="082"><subfield code="a">800</subfield></datafield><datafield ind1="1" ind2="4" tag="082"><subfield code="a">940</subfield><subfield code="2">15</subfield></datafield><datafield ind1="0" ind2=" " tag="100"><subfield code="a">Jean</subfield><subfield code="c">de Wavrin</subfield><subfield code="d">1400-1472</subfield><subfield code="0">(DE-588)10094793X</subfield><subfield code="e">Verfasser</subfield><subfield code="4">aut</subfield></datafield><datafield ind1="1" ind2="0" tag="245"><subfield code="a">&lt;&lt;La&gt;&gt; croisade sur le Danube</subfield><subfield code="c">Jehan de Wavrin ; traduit du moyen français et présenté par Joana Barreto</subfield></datafield><datafield ind1=" " ind2="1" tag="264"><subfield code="a">Toulouse</subfield><subfield code="b">Anacharsis</subfield><subfield code="c">[2019]</subfield></datafield><datafield ind1=" " ind2=" " tag="300"><subfield code="a">175 pages</subfield><subfield code="b">cartes</subfield></datafield><datafield ind1=" " ind2=" " tag="336"><subfield code="b">txt</subfield><subfield code="2">rdacontent</subfield></datafield><datafield ind1=" " ind2=" " tag="337"><subfield code="b">n</subfield><subfield code="2">rdamedia</subfield></datafield><datafield ind1=" " ind2=" " tag="338"><subfield code="b">nc</subfield><subfield code="2">rdacarrier</subfield></datafield><datafield ind1="0" ind2=" " tag="490"><subfield code="a">Collection Famagouste</subfield></datafield><datafield ind1=" " ind2="7" tag="648"><subfield code="a">Geschichte 1442-1445</subfield><subfield code="2">gnd</subfield></datafield><datafield ind1=" " ind2="7" tag="650"><subfield code="a">Türkenkriege</subfield><subfield code="0">(DE-588)4186408-6</subfield><subfield code="2">gnd</subfield></datafield><datafield ind1=" " ind2="7" tag="650"><subfield code="a">Warna</subfield><subfield code="x">Schlacht</subfield><subfield code="0">(DE-588)4263579-2</subfield><subfield code="2">gnd</subfield></datafield><datafield ind1=" " ind2="7" tag="650"><subfield code="a">Bataille de Varna (1444)</subfield><subfield code="2">ram</subfield></datafield><datafield ind1=" " ind2="7" tag="650"><subfield code="a">Croisades</subfield><subfield code="x">Dernières (13e, 14e et 15e siècles)</subfield><subfield code="x">Sources</subfield><subfield code="2">ram</subfield></datafield><datafield ind1=" " ind2="7" tag="650"><subfield code="a">Bataille de Varna (1444)</subfield><subfield code="0">(IDREF)028110897</subfield><subfield code="2">idref</subfield></datafield><datafield ind1=" " ind2="7" tag="650"><subfield code="a">Croisades</subfield><subfield code="x">Dernières (13e, 14e et 15e siècles)</subfield><subfield code="0">(IDREF)028110900</subfield><subfield code="2">idref</subfield></datafield><datafield ind1=" " ind2="7" tag="651"><subfield code="a">Balkans</subfield><subfield code="y">15e siècle</subfield><subfield code="x">Histoire</subfield><subfield code="x">Sources</subfield><subfield code="2">ram</subfield></datafield><datafield ind1=" " ind2="7" tag="651"><subfield code="a">Balkans</subfield><subfield code="0">(IDREF)027360199</subfield><subfield code="2">idref</subfield></datafield><datafield ind1=" " ind2="7" tag="651"><subfield code="a">Danube (cours d'eau)</subfield><subfield code="0">(IDREF)027460002</subfield><subfield code="2">idref</subfield></datafield><datafield ind1=" " ind2="7" tag="651"><subfield code="a">Danube, Delta du</subfield><subfield code="0">(IDREF)05259341X</subfield><subfield code="2">idref</subfield></datafield><datafield ind1=" " ind2="7" tag="651"><subfield code="a">Mer Noire (région)</subfield><subfield code="0">(IDREF)027298760</subfield><subfield code="2">idref</subfield></datafield><datafield ind1=" " ind2="7" tag="655"><subfield code="a">Quelle</subfield><subfield code="2">gnd-content</subfield></datafield><datafield ind1=" " ind2="7" tag="655"><subfield code="a">Sources</subfield><subfield code="0">(IDREF)027537161</subfield><subfield code="2">idref</subfield></datafield><datafield ind1="1" ind2=" " tag="700"><subfield code="a">Wavrin, Jean de</subfield><subfield code="d">1398?-1474?</subfield><subfield code="0">(IDREF)033492050</subfield><subfield code="4">aut</subfield></datafield><datafield ind1="0" ind2="2" tag="700"><subfield code="a">Jean</subfield><subfield code="c">de Wavrin</subfield><subfield code="d">1400-1472</subfield><subfield code="t">&lt;&lt;La&gt;&gt; croisade sur le Danube</subfield><subfield code="0">(DE-588)1203151209</subfield></datafield><datafield ind1="1" ind2=" " tag="700"><subfield code="a">Barreto, Joana</subfield><subfield code="d">1980-</subfield><subfield code="0">(DE-588)173989411</subfield><subfield code="e">Übersetzer</subfield><subfield code="4">trl</subfield><subfield code="6">880-03</subfield></datafield><datafield ind1="1" ind2=" " tag="880"><subfield code="6">700-03</subfield><subfield code="a">Barreto, Joana</subfield><subfield code="d">1980-....</subfield><subfield code="0">(IDREF)146815823</subfield><subfield code="4">trl</subfield><subfield code="4">aui</subfield></datafield><datafield ind1="4" ind2=" " tag="856"><subfield code="3">Titelblatt und Inhaltsverzeichnis</subfield><subfield code="u">https://toc.library.ethz.ch/objects/pdf03/z01_979-10-92011-75-3_01.pdf</subfield><subfield code="q">pdf</subfield></datafield><datafield ind1=" " ind2=" " tag="900"><subfield code="a">IDSZ2zbzmon202001f</subfield><subfield code="c">IDSZ2meyc</subfield><subfield code="d">IDSZ2zbzswk202010b</subfield><subfield code="e">IDSZ2brue</subfield></datafield><datafield ind1=" " ind2=" " tag="900"><subfield code="a">REROnoselfmerge</subfield></datafield><datafield ind1=" " ind2=" " tag="949"><subfield code="a">https://toc.library.ethz.ch/objects/pdf03/z01_979-10-92011-75-3_01.pdf</subfield></datafield></record>
</metadata></record>