<record><header><identifier>oai:alma.41SLSP_UGE:991000764229705502</identifier><datestamp>2024-01-18T01:23:12Z</datestamp><setSpec>uge_bcen_RapidILL_BOOK</setSpec><setSpec>uge_aaca_RapidILL_BOOK</setSpec><setSpec>uge_abels_RapidILL_BOOK</setSpec><setSpec>uge_dbu_RapidILL_BOOK</setSpec><setSpec>uge_cmu_RapidILL_BOOK</setSpec><setSpec>uge_mail_RapidILL_BOOK</setSpec><setSpec>uge_abbat_RapidILL_BOOK</setSpec><setSpec>UNIGE_ALL</setSpec><setSpec>uge_aobs_RapidILL_BOOK</setSpec><setSpec>uge_acar_RapidILL_BOOK</setSpec></header><metadata>
<record xmlns="http://www.loc.gov/MARC21/slim" xmlns:xsi="http://www.w3.org/2001/XMLSchema-instance" xsi:schemaLocation="http://www.loc.gov/MARC21/slim http://www.loc.gov/standards/marcxml/schema/MARC21slim.xsd"><leader>01518nam a2200373 c 4500</leader><controlfield tag="001">991000764229705502</controlfield><controlfield tag="005">20240117194354.0</controlfield><controlfield tag="008">201011s1996    sp ||||| |||| 00| ||spa d</controlfield><datafield ind1=" " ind2=" " tag="020"><subfield code="a">8474965993</subfield></datafield><datafield ind1=" " ind2=" " tag="035"><subfield code="a">(swissbib)212108360-41slsp_network</subfield></datafield><datafield ind1=" " ind2=" " tag="035"><subfield code="a">212108360</subfield><subfield code="9">ExL</subfield></datafield><datafield ind1=" " ind2=" " tag="035"><subfield code="a">(RERO)R229248960-41slsp</subfield></datafield><datafield ind1=" " ind2=" " tag="035"><subfield code="a">(IDSBB)002408740DSV01</subfield></datafield><datafield ind1=" " ind2=" " tag="035"><subfield code="a">(IDSSG)000176687HSB01</subfield></datafield><datafield ind1=" " ind2=" " tag="035"><subfield code="a">(EXLNZ-41SLSP_NETWORK)991076848689705501</subfield></datafield><datafield ind1=" " ind2=" " tag="040"><subfield code="a">RERO labcud</subfield><subfield code="d">CH-ZuSLS</subfield></datafield><datafield ind1=" " ind2="7" tag="072"><subfield code="a">es</subfield><subfield code="2">rero</subfield></datafield><datafield ind1=" " ind2=" " tag="084"><subfield code="a">IO 2894</subfield><subfield code="2">rvk</subfield></datafield><datafield ind1="1" ind2=" " tag="100"><subfield code="a">Barrios, Miguel de</subfield><subfield code="0">(RERO)A006181549</subfield><subfield code="4">cre</subfield></datafield><datafield ind1="1" ind2="0" tag="245"><subfield code="a">&lt;&lt;Las&gt;&gt; fábulas mitológicas</subfield><subfield code="b">flor de Apolo</subfield><subfield code="c">Miguel de Barrios ; [ed. de] Francisco J. Sedeño Rodríguez</subfield></datafield><datafield ind1=" " ind2="1" tag="264"><subfield code="a">[Málaga]</subfield><subfield code="b">Servicio de Publicaciones de la Universidad de Málaga</subfield><subfield code="c">1996</subfield></datafield><datafield ind1=" " ind2=" " tag="300"><subfield code="a">190 p.</subfield><subfield code="c">20 cm</subfield></datafield><datafield ind1=" " ind2=" " tag="336"><subfield code="b">txt</subfield><subfield code="2">rdacontent</subfield></datafield><datafield ind1=" " ind2=" " tag="337"><subfield code="b">n</subfield><subfield code="2">rdamedia</subfield></datafield><datafield ind1=" " ind2=" " tag="338"><subfield code="b">nc</subfield><subfield code="2">rdacarrier</subfield></datafield><datafield ind1="1" ind2=" " tag="490"><subfield code="a">Autores recuperados</subfield><subfield code="v">2</subfield></datafield><datafield ind1=" " ind2=" " tag="504"><subfield code="a">Literaturverz.: S. 35-52</subfield></datafield><datafield ind1="1" ind2="7" tag="600"><subfield code="a">Barrios, Miguel de</subfield><subfield code="d">1635-1701</subfield><subfield code="t">Flor de Apolo</subfield><subfield code="0">(IDREF)118685228</subfield><subfield code="2">idref</subfield></datafield><datafield ind1="1" ind2="7" tag="600"><subfield code="a">Barrios, Miguel &lt;&lt;de&gt;&gt;</subfield><subfield code="d">1635-1701</subfield><subfield code="t">Flor de Apolo</subfield><subfield code="0">(DE-588)4530477-4</subfield><subfield code="2">gnd</subfield></datafield><datafield ind1="1" ind2=" " tag="700"><subfield code="a">Sedeño Rodríguez, Francisco J.</subfield></datafield><datafield ind1="1" ind2=" " tag="700"><subfield code="a">Sedeño Rodríguez, Francisco Javier</subfield><subfield code="d">19..-....</subfield><subfield code="0">(IDREF)077491815</subfield></datafield><datafield ind1=" " ind2="0" tag="830"><subfield code="a">Autores recuperados</subfield><subfield code="v">2</subfield><subfield code="w">(RERO)R229249260-41slsp</subfield></datafield><datafield ind1="4" ind2="2" tag="856"><subfield code="3">Titelblatt und Inhaltsverzeichnis</subfield><subfield code="q">PDF</subfield><subfield code="u">https://urn.ub.unibe.ch/urn:ch:slsp:hsg:8474965993:ihv:pdf</subfield></datafield><datafield ind1=" " ind2=" " tag="900"><subfield code="a">REROnoselfmerge</subfield></datafield><datafield ind1=" " ind2=" " tag="949"><subfield code="a">https://urn.ub.unibe.ch/urn:ch:slsp:hsg:8474965993:ihv:pdf</subfield></datafield><datafield ind1=" " ind2=" " tag="993"><subfield code="a">BFLA 121417</subfield><subfield code="x">ge/ules/a/97/761</subfield><subfield code="9">LOCAL</subfield></datafield></record>
</metadata></record>