<record><header><identifier>oai:alma.41SLSP_UGE:991000763499705502</identifier><datestamp>2024-11-16T01:11:24Z</datestamp><setSpec>uge_bcen_RapidILL_BOOK</setSpec><setSpec>uge_aaca_RapidILL_BOOK</setSpec><setSpec>uge_abels_RapidILL_BOOK</setSpec><setSpec>uge_dbu_RapidILL_BOOK</setSpec><setSpec>uge_cmu_RapidILL_BOOK</setSpec><setSpec>uge_mail_RapidILL_BOOK</setSpec><setSpec>uge_abbat_RapidILL_BOOK</setSpec><setSpec>UNIGE_ALL</setSpec><setSpec>uge_acar_RapidILL_BOOK</setSpec><setSpec>uge_aobs_RapidILL_BOOK</setSpec></header><metadata>
<record xmlns="http://www.loc.gov/MARC21/slim" xmlns:xsi="http://www.w3.org/2001/XMLSchema-instance" xsi:schemaLocation="http://www.loc.gov/MARC21/slim http://www.loc.gov/standards/marcxml/schema/MARC21slim.xsd"><leader>02261nam a2200541 c 4500</leader><controlfield tag="001">991000763499705502</controlfield><controlfield tag="005">20241115073540.0</controlfield><controlfield tag="008">201011s1980    fr ||||| |||| 00| ||fre d</controlfield><datafield ind1=" " ind2=" " tag="035"><subfield code="a">(swissbib)232091226-41slsp_network</subfield></datafield><datafield ind1=" " ind2=" " tag="035"><subfield code="a">232091226</subfield><subfield code="9">ExL</subfield></datafield><datafield ind1=" " ind2=" " tag="035"><subfield code="a">(RERO)0432154-41slsp</subfield></datafield><datafield ind1=" " ind2=" " tag="035"><subfield code="a">(NEBIS)000925866EBI01</subfield></datafield><datafield ind1=" " ind2=" " tag="035"><subfield code="a">(SBT)000792384SBT01</subfield></datafield><datafield ind1=" " ind2=" " tag="035"><subfield code="a">(IDSBB)000011490DSV01</subfield></datafield><datafield ind1=" " ind2=" " tag="035"><subfield code="a">(EXLNZ-41SLSP_NETWORK)991130217239705501</subfield></datafield><datafield ind1=" " ind2=" " tag="040"><subfield code="a">RERO</subfield><subfield code="d">CH-ZuSLS</subfield></datafield><datafield ind1="0" ind2=" " tag="041"><subfield code="a">fre</subfield><subfield code="a">eng</subfield><subfield code="a">ger</subfield></datafield><datafield ind1=" " ind2="7" tag="072"><subfield code="a">ba</subfield><subfield code="2">rero</subfield></datafield><datafield ind1=" " ind2="7" tag="072"><subfield code="a">kh</subfield><subfield code="2">SzZuIDS BS/BE</subfield></datafield><datafield ind1="1" ind2=" " tag="100"><subfield code="a">Berland, Jean-Marie</subfield><subfield code="0">(IDREF)113524099</subfield><subfield code="4">aut</subfield></datafield><datafield ind1="1" ind2="0" tag="245"><subfield code="a">Val de Loire roman</subfield><subfield code="c">Jean-Marie Berland ; photogr. inédites de Zodiaque ; trad. anglaise de P. Veyriras et Alan Rowe ... [et al.] ; trad. allemande de G. Schecher</subfield></datafield><datafield ind1=" " ind2=" " tag="250"><subfield code="a">3e éd., entièrement nouvelle</subfield></datafield><datafield ind1=" " ind2="1" tag="264"><subfield code="a">[La Pierre-qui-Vire]</subfield><subfield code="b">Zodiaque</subfield><subfield code="c">1980</subfield></datafield><datafield ind1=" " ind2=" " tag="300"><subfield code="a">378 S., 140 Taf., Kart.</subfield><subfield code="b">Ill.</subfield><subfield code="c">8'</subfield></datafield><datafield ind1=" " ind2=" " tag="336"><subfield code="b">txt</subfield><subfield code="2">rdacontent</subfield></datafield><datafield ind1=" " ind2=" " tag="337"><subfield code="b">n</subfield><subfield code="2">rdamedia</subfield></datafield><datafield ind1=" " ind2=" " tag="338"><subfield code="b">nc</subfield><subfield code="2">rdacarrier</subfield></datafield><datafield ind1="1" ind2=" " tag="490"><subfield code="a">La nuit des temps</subfield><subfield code="v">3</subfield></datafield><datafield ind1=" " ind2=" " tag="500"><subfield code="a">Mit engl. und dt. Zusammenfassung</subfield></datafield><datafield ind1=" " ind2=" " tag="504"><subfield code="a">Bibliogr</subfield></datafield><datafield ind1=" " ind2="7" tag="650"><subfield code="a">roman (époque)</subfield><subfield code="0">(RERO)A009950860</subfield><subfield code="2">rerovoc</subfield></datafield><datafield ind1=" " ind2="7" tag="650"><subfield code="a">Art français de la Loire</subfield><subfield code="0">(RERO)A027728251</subfield><subfield code="2">rero</subfield></datafield><datafield ind1=" " ind2="7" tag="650"><subfield code="a">INVENTARE VON BAUDENKMÄLERN</subfield><subfield code="9">ger</subfield><subfield code="0">(ETHUDK)000050681</subfield><subfield code="2">ethudk</subfield></datafield><datafield ind1=" " ind2="7" tag="650"><subfield code="a">PAYS DE LA LOIRE, REGION (FRANKREICH)</subfield><subfield code="9">ger</subfield><subfield code="0">(ETHUDK)000003296</subfield><subfield code="2">ethudk</subfield></datafield><datafield ind1=" " ind2="7" tag="650"><subfield code="a">ROMANISCHE ARCHITEKTUR</subfield><subfield code="9">ger</subfield><subfield code="0">(ETHUDK)000035491</subfield><subfield code="2">ethudk</subfield></datafield><datafield ind1=" " ind2="7" tag="650"><subfield code="a">Arte romanica</subfield><subfield code="z">Valle del Loir [e] Valle della Loira</subfield><subfield code="2">sbt12</subfield></datafield><datafield ind1=" " ind2=" " tag="690"><subfield code="a">Loire. Architektur. Romanik</subfield><subfield code="2">uzb-US</subfield></datafield><datafield ind1=" " ind2=" " tag="690"><subfield code="a">Frankreich. Architektur. Romanik</subfield><subfield code="2">uzb-US</subfield></datafield><datafield ind1=" " ind2=" " tag="690"><subfield code="a">Frankreich - Architektur - 11.-12. Jh.</subfield><subfield code="2">ubs-A5</subfield></datafield><datafield ind1=" " ind2=" " tag="690"><subfield code="a">Frankreich - Plastik - 11.-12. Jh.</subfield><subfield code="2">ubs-A5</subfield></datafield><datafield ind1="1" ind2=" " tag="700"><subfield code="a">Veyriras, Paul</subfield><subfield code="d">1926-2018</subfield><subfield code="0">(IDREF)029028612</subfield><subfield code="4">trl</subfield></datafield><datafield ind1="1" ind2=" " tag="700"><subfield code="a">Rowe, Alan</subfield><subfield code="c">traducteur</subfield><subfield code="d">19..-....</subfield><subfield code="0">(IDREF)158612078</subfield><subfield code="4">trl</subfield></datafield><datafield ind1="1" ind2=" " tag="700"><subfield code="a">Schecher, Gosbert</subfield><subfield code="0">(IDREF)028270142</subfield><subfield code="4">trl</subfield></datafield><datafield ind1="2" ind2=" " tag="710"><subfield code="a">Zodiaque</subfield><subfield code="g">1951-2004</subfield><subfield code="0">(IDREF)194232905</subfield><subfield code="4">pht</subfield></datafield><datafield ind1=" " ind2="0" tag="830"><subfield code="a">&lt;&lt;La&gt;&gt; nuit des temps</subfield><subfield code="v">3 ED.3</subfield><subfield code="w">(NEBIS)000022606EBI01</subfield></datafield><datafield ind1=" " ind2="0" tag="830"><subfield code="a">&lt;&lt;La&gt;&gt; nuit des temps</subfield><subfield code="v">3</subfield><subfield code="w">(IDSBB)000005440DSV01</subfield></datafield><datafield ind1=" " ind2="0" tag="830"><subfield code="a">&lt;&lt;La&gt;&gt; nuit des temps</subfield><subfield code="v">3</subfield><subfield code="w">(SBT)000000157SBT01</subfield></datafield><datafield ind1=" " ind2=" " tag="900"><subfield code="a">REROnoselfmerge</subfield></datafield><datafield ind1=" " ind2=" " tag="900"><subfield code="f">IDSU2medea</subfield></datafield><datafield ind1=" " ind2=" " tag="993"><subfield code="a">BFLA 5806</subfield><subfield code="x">ge/ulha/a/85/759</subfield><subfield code="9">local</subfield></datafield></record>
</metadata></record>