<record><header><identifier>oai:alma.41SLSP_UGE:991000764339705502</identifier><datestamp>2023-03-01T01:09:40Z</datestamp><setSpec>uge_bcen_RapidILL_BOOK</setSpec><setSpec>uge_aaca_RapidILL_BOOK</setSpec><setSpec>uge_abels_RapidILL_BOOK</setSpec><setSpec>uge_dbu_RapidILL_BOOK</setSpec><setSpec>uge_cmu_RapidILL_BOOK</setSpec><setSpec>uge_mail_RapidILL_BOOK</setSpec><setSpec>UNIGE_ALL</setSpec><setSpec>uge_abbat_RapidILL_BOOK</setSpec><setSpec>uge_aobs_RapidILL_BOOK</setSpec><setSpec>uge_acar_RapidILL_BOOK</setSpec></header><metadata>
<record xmlns="http://www.loc.gov/MARC21/slim" xmlns:xsi="http://www.w3.org/2001/XMLSchema-instance" xsi:schemaLocation="http://www.loc.gov/MARC21/slim http://www.loc.gov/standards/marcxml/schema/MARC21slim.xsd"><leader>01118nam a2200277 c 4500</leader><controlfield tag="001">991000764339705502</controlfield><controlfield tag="005">20211015195108.0</controlfield><controlfield tag="008">900306s1978    xxk||||| |||| 00| ||eng d</controlfield><datafield ind1=" " ind2=" " tag="020"><subfield code="a">0902205293</subfield></datafield><datafield ind1=" " ind2=" " tag="035"><subfield code="a">(swissbib)084489480-41slsp_network</subfield></datafield><datafield ind1=" " ind2=" " tag="035"><subfield code="a">084489480</subfield><subfield code="9">ExL</subfield></datafield><datafield ind1=" " ind2=" " tag="035"><subfield code="a">(RERO)1215990-41slsp</subfield></datafield><datafield ind1=" " ind2=" " tag="035"><subfield code="a">(EXLNZ-41SLSP_NETWORK)991108226699705501</subfield></datafield><datafield ind1=" " ind2=" " tag="040"><subfield code="a">RERO geuth-</subfield><subfield code="d">CH-ZuSLS</subfield></datafield><datafield ind1=" " ind2="7" tag="072"><subfield code="a">sm</subfield><subfield code="2">rero</subfield></datafield><datafield ind1=" " ind2="7" tag="072"><subfield code="a">th</subfield><subfield code="2">rero</subfield></datafield><datafield ind1="0" ind2="0" tag="245"><subfield code="a">Hebrew Bible manuscripts in the Cambridge Genizah collections</subfield><subfield code="n">Vol. 1</subfield><subfield code="p">Taylor-Schechter old series and other Genizah collections in Cambridge University Library</subfield><subfield code="c">by M. C. Davis ; incorporating material compiled by H. Knopf</subfield></datafield><datafield ind1=" " ind2="1" tag="264"><subfield code="a">Cambridge</subfield><subfield code="b">Cambridge University Library</subfield><subfield code="c">1978</subfield></datafield><datafield ind1=" " ind2=" " tag="300"><subfield code="a">XIV, 384 p.</subfield><subfield code="b">pl.</subfield><subfield code="c">31 cm</subfield></datafield><datafield ind1=" " ind2=" " tag="336"><subfield code="b">txt</subfield><subfield code="2">rdacontent</subfield></datafield><datafield ind1=" " ind2=" " tag="337"><subfield code="b">n</subfield><subfield code="2">rdamedia</subfield></datafield><datafield ind1=" " ind2=" " tag="338"><subfield code="b">nc</subfield><subfield code="2">rdacarrier</subfield></datafield><datafield ind1="1" ind2=" " tag="700"><subfield code="a">Knopf, H</subfield><subfield code="0">(RERO)A003462359</subfield></datafield><datafield ind1="1" ind2=" " tag="700"><subfield code="a">Davis, Malcolm C.</subfield><subfield code="0">(IDREF)25120801X</subfield></datafield><datafield ind1="2" ind2=" " tag="710"><subfield code="a">Cambridge University Library</subfield><subfield code="b">Genizah collections</subfield><subfield code="0">(RERO)A012329697</subfield></datafield><datafield ind1=" " ind2=" " tag="830"><subfield code="a">Hebrew Bible manuscripts in the Cambridge Genizah collections</subfield><subfield code="v">1</subfield><subfield code="w">(RERO)1215967-41slsp</subfield></datafield><datafield ind1=" " ind2=" " tag="900"><subfield code="a">REROnoselfmerge</subfield></datafield></record>
</metadata></record>