<record><header><identifier>oai:alma.41SLSP_UGE:991000763609705502</identifier><datestamp>2023-03-01T01:09:40Z</datestamp><setSpec>uge_bcen_RapidILL_BOOK</setSpec><setSpec>uge_aaca_RapidILL_BOOK</setSpec><setSpec>uge_abels_RapidILL_BOOK</setSpec><setSpec>uge_dbu_RapidILL_BOOK</setSpec><setSpec>uge_cmu_RapidILL_BOOK</setSpec><setSpec>uge_mail_RapidILL_BOOK</setSpec><setSpec>UNIGE_ALL</setSpec><setSpec>uge_abbat_RapidILL_BOOK</setSpec><setSpec>uge_aobs_RapidILL_BOOK</setSpec><setSpec>uge_acar_RapidILL_BOOK</setSpec></header><metadata>
<record xmlns="http://www.loc.gov/MARC21/slim" xmlns:xsi="http://www.w3.org/2001/XMLSchema-instance" xsi:schemaLocation="http://www.loc.gov/MARC21/slim http://www.loc.gov/standards/marcxml/schema/MARC21slim.xsd"><leader>02092nam a2200469 c 4500</leader><controlfield tag="001">991000763609705502</controlfield><controlfield tag="005">20201229230442.0</controlfield><controlfield tag="008">201011s1979    sz ||||| |||| 00| ||fre d</controlfield><datafield ind1=" " ind2=" " tag="035"><subfield code="a">(swissbib)214228460-41slsp_network</subfield></datafield><datafield ind1=" " ind2=" " tag="035"><subfield code="a">214228460</subfield><subfield code="9">ExL</subfield></datafield><datafield ind1=" " ind2=" " tag="035"><subfield code="a">(RERO)0171909-41slsp</subfield></datafield><datafield ind1=" " ind2=" " tag="035"><subfield code="a">(IDSBB)000589679DSV01</subfield></datafield><datafield ind1=" " ind2=" " tag="035"><subfield code="a">(NEBIS)008851394EBI01</subfield></datafield><datafield ind1=" " ind2=" " tag="035"><subfield code="a">(EXLNZ-41SLSP_NETWORK)991110696549705501</subfield></datafield><datafield ind1=" " ind2=" " tag="040"><subfield code="a">RERO</subfield><subfield code="d">CH-ZuSLS</subfield></datafield><datafield ind1=" " ind2=" " tag="044"><subfield code="a">sz</subfield><subfield code="c">ch-ge</subfield></datafield><datafield ind1=" " ind2="7" tag="072"><subfield code="a">fr</subfield><subfield code="2">rero</subfield></datafield><datafield ind1=" " ind2="7" tag="072"><subfield code="a">fl</subfield><subfield code="2">SzZuIDS BS/BE</subfield></datafield><datafield ind1="1" ind2=" " tag="080"><subfield code="a">840&quot;16&quot;LAF.MM7His</subfield></datafield><datafield ind1="0" ind2="4" tag="082"><subfield code="a">800</subfield></datafield><datafield ind1="0" ind2="4" tag="082"><subfield code="a">843/.4</subfield></datafield><datafield ind1="1" ind2="4" tag="082"><subfield code="a">840</subfield><subfield code="2">15</subfield></datafield><datafield ind1="1" ind2=" " tag="100"><subfield code="a">La Fayette, Marie-Madeleine Pioche de La Vergne</subfield><subfield code="c">comtesse de</subfield><subfield code="d">1634-1693</subfield><subfield code="0">(IDREF)026956071</subfield><subfield code="4">cre</subfield></datafield><datafield ind1="1" ind2="0" tag="245"><subfield code="a">Histoire de la princesse de Montpensier sous le règne de Charles IXème roi de France</subfield><subfield code="b">; Histoire de la comtesse de Tende</subfield><subfield code="c">Madame de Lafayette ; éd. critique par Micheline Cuénin</subfield></datafield><datafield ind1=" " ind2="1" tag="264"><subfield code="a">Genève</subfield><subfield code="b">Droz</subfield><subfield code="c">1979</subfield></datafield><datafield ind1=" " ind2=" " tag="300"><subfield code="a">125 p.</subfield><subfield code="b">fac-sim.</subfield><subfield code="c">19 cm</subfield></datafield><datafield ind1=" " ind2=" " tag="336"><subfield code="b">txt</subfield><subfield code="2">rdacontent</subfield></datafield><datafield ind1=" " ind2=" " tag="337"><subfield code="b">n</subfield><subfield code="2">rdamedia</subfield></datafield><datafield ind1=" " ind2=" " tag="338"><subfield code="b">nc</subfield><subfield code="2">rdacarrier</subfield></datafield><datafield ind1="1" ind2=" " tag="490"><subfield code="a">Textes littéraires français</subfield><subfield code="v">267</subfield></datafield><datafield ind1="1" ind2="0" tag="600"><subfield code="a">La Fayette</subfield><subfield code="q">Marie-Madeleine Pioche de La Vergne</subfield><subfield code="c">Madame de</subfield><subfield code="d">1634-1693</subfield><subfield code="t">Histoire de la Comtesse de Tende</subfield></datafield><datafield ind1="1" ind2="0" tag="600"><subfield code="a">La Fayette</subfield><subfield code="q">Marie-Madeleine Pioche de La Vergne</subfield><subfield code="c">Madame de</subfield><subfield code="d">1634-1693</subfield><subfield code="t">Histoire de la Princesse de Montpensier</subfield></datafield><datafield ind1="1" ind2="0" tag="600"><subfield code="a">Montpensier, Anne-Marie-Louise d'Orléans</subfield><subfield code="c">duchesse de</subfield><subfield code="d">1627-1693</subfield><subfield code="v">Biography</subfield></datafield><datafield ind1="0" ind2=" " tag="700"><subfield code="a">Lafayette</subfield><subfield code="c">Madame de</subfield><subfield code="d">1634-1693</subfield><subfield code="0">(DE-588)118725939</subfield></datafield><datafield ind1="0" ind2="2" tag="700"><subfield code="a">La Fayette</subfield><subfield code="c">Madame de</subfield><subfield code="d">1634-1693</subfield><subfield code="t">Histoire de la Comtesse de Tende</subfield></datafield><datafield ind1="1" ind2="2" tag="700"><subfield code="a">La Fayette, Marie-Madeleine Pioche de la Vergne</subfield><subfield code="c">comtesse de</subfield><subfield code="d">1634-1693</subfield><subfield code="t">&lt;&lt;La&gt;&gt; comtesse de Tende</subfield></datafield><datafield ind1="1" ind2="2" tag="700"><subfield code="a">La Fayette, Marie-Madeleine Pioche de la Vergne</subfield><subfield code="c">comtesse de</subfield><subfield code="d">1634-1693</subfield><subfield code="t">&lt;&lt;La&gt;&gt; princesse de Montpensier</subfield></datafield><datafield ind1="1" ind2=" " tag="700"><subfield code="a">Cuénin, Micheline</subfield><subfield code="0">(IDREF)026806800</subfield></datafield><datafield ind1="0" ind2="2" tag="740"><subfield code="a">Histoire de la Comtesse de Tende</subfield></datafield><datafield ind1=" " ind2=" " tag="830"><subfield code="a">Textes littéraires français</subfield><subfield code="p">Droz</subfield><subfield code="v">267</subfield><subfield code="w">(NEBIS)001006778EBI01</subfield></datafield><datafield ind1=" " ind2=" " tag="900"><subfield code="a">REROnoselfmerge</subfield></datafield><datafield ind1=" " ind2=" " tag="900"><subfield code="f">IDSU2medea</subfield></datafield><datafield ind1=" " ind2=" " tag="900"><subfield code="a">IDSZ2zbzmon201401rl</subfield><subfield code="c">IDSZ2eich</subfield></datafield></record>
</metadata></record>