<record><header><identifier>oai:alma.41SLSP_UGE:991000763749705502</identifier><datestamp>2023-03-01T01:09:40Z</datestamp><setSpec>uge_bcen_RapidILL_BOOK</setSpec><setSpec>uge_aaca_RapidILL_BOOK</setSpec><setSpec>uge_abels_RapidILL_BOOK</setSpec><setSpec>uge_dbu_RapidILL_BOOK</setSpec><setSpec>uge_cmu_RapidILL_BOOK</setSpec><setSpec>uge_mail_RapidILL_BOOK</setSpec><setSpec>UNIGE_ALL</setSpec><setSpec>uge_abbat_RapidILL_BOOK</setSpec><setSpec>uge_aobs_RapidILL_BOOK</setSpec><setSpec>uge_acar_RapidILL_BOOK</setSpec></header><metadata>
<record xmlns="http://www.loc.gov/MARC21/slim" xmlns:xsi="http://www.w3.org/2001/XMLSchema-instance" xsi:schemaLocation="http://www.loc.gov/MARC21/slim http://www.loc.gov/standards/marcxml/schema/MARC21slim.xsd"><leader>02053nam a2200553 c 4500</leader><controlfield tag="001">991000763749705502</controlfield><controlfield tag="005">20201231130609.0</controlfield><controlfield tag="008">201012s1977    xxu||||| |||| 00| ||eng d</controlfield><datafield ind1=" " ind2=" " tag="020"><subfield code="a">0300015739</subfield></datafield><datafield ind1=" " ind2=" " tag="035"><subfield code="a">(swissbib)235025275-41slsp_network</subfield></datafield><datafield ind1=" " ind2=" " tag="035"><subfield code="a">235025275</subfield><subfield code="9">ExL</subfield></datafield><datafield ind1=" " ind2=" " tag="035"><subfield code="a">(RERO)0926281-41slsp</subfield></datafield><datafield ind1=" " ind2=" " tag="035"><subfield code="a">(IDSBB)000973438DSV01</subfield></datafield><datafield ind1=" " ind2=" " tag="035"><subfield code="a">(NEBIS)005664868EBI01</subfield></datafield><datafield ind1=" " ind2=" " tag="035"><subfield code="a">(EXLNZ-41SLSP_NETWORK)991112044389705501</subfield></datafield><datafield ind1=" " ind2=" " tag="040"><subfield code="a">RERO geulan</subfield><subfield code="d">CH-ZuSLS</subfield></datafield><datafield ind1=" " ind2=" " tag="044"><subfield code="a">xxu</subfield><subfield code="a">xxk</subfield></datafield><datafield ind1=" " ind2="7" tag="072"><subfield code="a">lg</subfield><subfield code="2">rero</subfield></datafield><datafield ind1=" " ind2="7" tag="072"><subfield code="a">al</subfield><subfield code="2">SzZuIDS BS/BE</subfield></datafield><datafield ind1="0" ind2="0" tag="082"><subfield code="a">809</subfield></datafield><datafield ind1="1" ind2="4" tag="082"><subfield code="a">808</subfield><subfield code="2">22</subfield></datafield><datafield ind1="1" ind2="4" tag="082"><subfield code="a">800</subfield><subfield code="2">15</subfield></datafield><datafield ind1="1" ind2="4" tag="082"><subfield code="a">809</subfield></datafield><datafield ind1=" " ind2=" " tag="084"><subfield code="a">KS 3512</subfield><subfield code="2">rvk</subfield></datafield><datafield ind1=" " ind2=" " tag="084"><subfield code="a">KS 7745</subfield><subfield code="2">rvk</subfield></datafield><datafield ind1="1" ind2=" " tag="100"><subfield code="a">Mukařovský, Jan</subfield><subfield code="d">1891-1975</subfield><subfield code="0">(DE-588)118585630</subfield><subfield code="6">880-01</subfield></datafield><datafield ind1="1" ind2=" " tag="880"><subfield code="a">Mukařovský, Jan</subfield><subfield code="0">(RERO)A003617401</subfield><subfield code="4">cre</subfield><subfield code="6">100-01</subfield></datafield><datafield ind1="1" ind2="0" tag="245"><subfield code="a">&lt;&lt;The&gt;&gt; word and verbal art</subfield><subfield code="c">selected essays by Jan Mukařovský ; transl. end ed. by John Burbank and Peter Steiner ; foreword by René Wellek</subfield></datafield><datafield ind1=" " ind2="1" tag="264"><subfield code="a">New Haven</subfield><subfield code="a">London</subfield><subfield code="b">Yale University Press</subfield><subfield code="c">[1977]</subfield></datafield><datafield ind1=" " ind2="4" tag="264"><subfield code="c">© 1977</subfield></datafield><datafield ind1=" " ind2=" " tag="300"><subfield code="a">XVII, 238 p.</subfield><subfield code="b">ill.</subfield><subfield code="c">24 cm</subfield></datafield><datafield ind1=" " ind2=" " tag="336"><subfield code="b">txt</subfield><subfield code="2">rdacontent</subfield></datafield><datafield ind1=" " ind2=" " tag="337"><subfield code="b">n</subfield><subfield code="2">rdamedia</subfield></datafield><datafield ind1=" " ind2=" " tag="338"><subfield code="b">nc</subfield><subfield code="2">rdacarrier</subfield></datafield><datafield ind1="1" ind2=" " tag="490"><subfield code="a">Yale Russian and East European Studies</subfield><subfield code="v">13</subfield></datafield><datafield ind1=" " ind2="7" tag="650"><subfield code="a">Strukturalismus</subfield><subfield code="0">(DE-588)4058129-9</subfield><subfield code="2">gnd</subfield></datafield><datafield ind1=" " ind2="7" tag="650"><subfield code="a">Structuralism (Literary analysis)</subfield><subfield code="2">idszbzes</subfield></datafield><datafield ind1=" " ind2="7" tag="650"><subfield code="a">Structuralism</subfield><subfield code="2">idszbzes</subfield></datafield><datafield ind1=" " ind2="7" tag="650"><subfield code="a">Aesthetics</subfield><subfield code="2">idszbzes</subfield></datafield><datafield ind1=" " ind2="0" tag="650"><subfield code="a">European literature</subfield><subfield code="x">History and criticism</subfield></datafield><datafield ind1=" " ind2="0" tag="650"><subfield code="a">Literature</subfield></datafield><datafield ind1=" " ind2="0" tag="650"><subfield code="a">Structuralism (Literary analysis)</subfield></datafield><datafield ind1=" " ind2=" " tag="690"><subfield code="a">Dichtung / Abhandlungen, Vorträge / 1950- ersch.</subfield><subfield code="2">uzb-Z9</subfield></datafield><datafield ind1="1" ind2=" " tag="700"><subfield code="a">Steiner, Petr</subfield><subfield code="d">1946-</subfield><subfield code="0">(DE-588)1025371666</subfield></datafield><datafield ind1="1" ind2=" " tag="700"><subfield code="a">Wellek, René</subfield><subfield code="d">1903-1995</subfield><subfield code="0">(IDREF)032499310</subfield></datafield><datafield ind1="1" ind2=" " tag="700"><subfield code="a">Burbank, John</subfield><subfield code="0">(IDREF)035368519</subfield></datafield><datafield ind1=" " ind2=" " tag="830"><subfield code="a">Yale Russian and East European studies</subfield><subfield code="v">13</subfield><subfield code="w">(NEBIS)004904832EBI01</subfield></datafield><datafield ind1=" " ind2=" " tag="830"><subfield code="a">Yale Russian and East European studies</subfield><subfield code="v">13</subfield><subfield code="w">(RERO)0168890-41slsp</subfield></datafield><datafield ind1=" " ind2=" " tag="900"><subfield code="a">REROnoselfmerge</subfield></datafield><datafield ind1=" " ind2=" " tag="900"><subfield code="a">IDSZ2esmon201006r</subfield><subfield code="c">IDSZ2fumo</subfield></datafield></record>
</metadata></record>