<record><header><identifier>oai:alma.41SLSP_UGE:991000763629705502</identifier><datestamp>2023-04-08T00:15:52Z</datestamp><setSpec>uge_bcen_RapidILL_BOOK</setSpec><setSpec>uge_aaca_RapidILL_BOOK</setSpec><setSpec>uge_abels_RapidILL_BOOK</setSpec><setSpec>uge_dbu_RapidILL_BOOK</setSpec><setSpec>uge_cmu_RapidILL_BOOK</setSpec><setSpec>uge_mail_RapidILL_BOOK</setSpec><setSpec>uge_abbat_RapidILL_BOOK</setSpec><setSpec>UNIGE_ALL</setSpec><setSpec>uge_aobs_RapidILL_BOOK</setSpec><setSpec>uge_acar_RapidILL_BOOK</setSpec></header><metadata>
<record xmlns="http://www.loc.gov/MARC21/slim" xmlns:xsi="http://www.w3.org/2001/XMLSchema-instance" xsi:schemaLocation="http://www.loc.gov/MARC21/slim http://www.loc.gov/standards/marcxml/schema/MARC21slim.xsd"><leader>01466nam a2200397 c 4500</leader><controlfield tag="001">991000763629705502</controlfield><controlfield tag="005">20230407174754.0</controlfield><controlfield tag="008">150929s2015    sp ||||| |||| 00| ||spa d</controlfield><datafield ind1=" " ind2=" " tag="020"><subfield code="a">9788415685555</subfield></datafield><datafield ind1=" " ind2=" " tag="035"><subfield code="a">(swissbib)122123328-41slsp_network</subfield></datafield><datafield ind1=" " ind2=" " tag="035"><subfield code="a">122123328</subfield><subfield code="9">ExL</subfield></datafield><datafield ind1=" " ind2=" " tag="035"><subfield code="a">(RERO)R008264754-41slsp</subfield></datafield><datafield ind1=" " ind2=" " tag="035"><subfield code="a">(EXLNZ-41SLSP_NETWORK)991056019209705501</subfield></datafield><datafield ind1=" " ind2=" " tag="040"><subfield code="a">SpMaBN</subfield><subfield code="d">CH-ZuSLS</subfield></datafield><datafield ind1="1" ind2=" " tag="041"><subfield code="a">spa</subfield><subfield code="a">fre</subfield><subfield code="a">eng</subfield><subfield code="h">spa</subfield></datafield><datafield ind1=" " ind2="7" tag="072"><subfield code="a">es</subfield><subfield code="2">rero</subfield></datafield><datafield ind1=" " ind2=" " tag="080"><subfield code="a">811.134.2'373.72</subfield></datafield><datafield ind1="1" ind2=" " tag="080"><subfield code="a">806.0.86(03)</subfield></datafield><datafield ind1="1" ind2=" " tag="100"><subfield code="a">Guerrier, Héloise</subfield><subfield code="0">(IDREF)166723266</subfield><subfield code="4">cre</subfield></datafield><datafield ind1="1" ind2="0" tag="245"><subfield code="a">Con dos huevos</subfield><subfield code="c">Héloïse Guerrier y David Sánchez ; [traducción al inglés, Jennifer Cox ; traducción al francés, Héloïse Guerrier]</subfield></datafield><datafield ind1=" " ind2=" " tag="250"><subfield code="a">4ª ed.</subfield></datafield><datafield ind1=" " ind2="1" tag="264"><subfield code="a">Bilbao</subfield><subfield code="b">Astiberri</subfield><subfield code="c">2015</subfield></datafield><datafield ind1=" " ind2=" " tag="300"><subfield code="a">96 p.</subfield><subfield code="b">il. col.</subfield><subfield code="c">19 cm</subfield></datafield><datafield ind1=" " ind2=" " tag="336"><subfield code="b">txt</subfield><subfield code="2">rdacontent</subfield></datafield><datafield ind1=" " ind2=" " tag="337"><subfield code="b">n</subfield><subfield code="2">rdamedia</subfield></datafield><datafield ind1=" " ind2=" " tag="338"><subfield code="b">nc</subfield><subfield code="2">rdacarrier</subfield></datafield><datafield ind1="0" ind2=" " tag="490"><subfield code="a">Colección Astiberri pop</subfield></datafield><datafield ind1=" " ind2=" " tag="504"><subfield code="a">Bibliografía: p. [100]. Índice</subfield></datafield><datafield ind1=" " ind2="7" tag="650"><subfield code="a">Espagnol (langue)</subfield><subfield code="0">(IDREF)027224430</subfield><subfield code="2">idref</subfield></datafield><datafield ind1=" " ind2="7" tag="650"><subfield code="a">Idiotismes</subfield><subfield code="0">(IDREF)027790835</subfield><subfield code="2">idref</subfield></datafield><datafield ind1=" " ind2="7" tag="650"><subfield code="a">Expressions imagées</subfield><subfield code="0">(IDREF)159905923</subfield><subfield code="2">idref</subfield></datafield><datafield ind1=" " ind2="7" tag="650"><subfield code="a">Traduction en français</subfield><subfield code="0">(IDREF)029141990</subfield><subfield code="2">idref</subfield></datafield><datafield ind1=" " ind2="7" tag="650"><subfield code="a">Traduction en anglais</subfield><subfield code="0">(IDREF)032193297</subfield><subfield code="2">idref</subfield></datafield><datafield ind1=" " ind2="7" tag="655"><subfield code="a">Glossaires et lexiques</subfield><subfield code="0">(IDREF)027797244</subfield><subfield code="2">idref</subfield></datafield><datafield ind1="1" ind2=" " tag="700"><subfield code="a">Sánchez, David</subfield><subfield code="c">auteur de bandes dessinées</subfield><subfield code="d">1977-....</subfield><subfield code="0">(IDREF)167930524</subfield></datafield><datafield ind1=" " ind2=" " tag="900"><subfield code="a">REROnoselfmerge</subfield></datafield><datafield ind1=" " ind2=" " tag="910"><subfield code="a">BNE</subfield><subfield code="b">20150929</subfield></datafield><datafield ind1=" " ind2=" " tag="993"><subfield code="a">BFLA 268941</subfield><subfield code="x">ge/ules/a/16/121-2</subfield><subfield code="9">LOCAL</subfield></datafield></record>
</metadata></record>