<record><header><identifier>oai:alma.41SLSP_UGE:991000763949705502</identifier><datestamp>2023-03-01T01:09:40Z</datestamp><setSpec>uge_bcen_RapidILL_BOOK</setSpec><setSpec>uge_aaca_RapidILL_BOOK</setSpec><setSpec>uge_abels_RapidILL_BOOK</setSpec><setSpec>uge_dbu_RapidILL_BOOK</setSpec><setSpec>uge_cmu_RapidILL_BOOK</setSpec><setSpec>uge_mail_RapidILL_BOOK</setSpec><setSpec>UNIGE_ALL</setSpec><setSpec>uge_abbat_RapidILL_BOOK</setSpec><setSpec>uge_aobs_RapidILL_BOOK</setSpec><setSpec>uge_acar_RapidILL_BOOK</setSpec></header><metadata>
<record xmlns="http://www.loc.gov/MARC21/slim" xmlns:xsi="http://www.w3.org/2001/XMLSchema-instance" xsi:schemaLocation="http://www.loc.gov/MARC21/slim http://www.loc.gov/standards/marcxml/schema/MARC21slim.xsd"><leader>01283nam a2200337 c 4500</leader><controlfield tag="001">991000763949705502</controlfield><controlfield tag="005">20230205205538.0</controlfield><controlfield tag="008">190517s2019    fr ||||| |||| 10| ||fre d</controlfield><datafield ind1=" " ind2=" " tag="019"><subfield code="a">Notice analytique</subfield><subfield code="5">RERO/geubfd/11.2019</subfield></datafield><datafield ind1=" " ind2=" " tag="020"><subfield code="a">9782842877378</subfield></datafield><datafield ind1=" " ind2=" " tag="035"><subfield code="a">(swissbib)125694393-41slsp_network</subfield></datafield><datafield ind1=" " ind2=" " tag="035"><subfield code="a">125694393</subfield><subfield code="9">ExL</subfield></datafield><datafield ind1=" " ind2=" " tag="035"><subfield code="a">(RERO)R008926290-41slsp</subfield></datafield><datafield ind1=" " ind2=" " tag="035"><subfield code="a">(EXLNZ-41SLSP_NETWORK)991125957979705501</subfield></datafield><datafield ind1=" " ind2=" " tag="040"><subfield code="a">RERO frbcuc</subfield><subfield code="d">CH-ZuSLS</subfield></datafield><datafield ind1=" " ind2="7" tag="072"><subfield code="a">dr</subfield><subfield code="2">rero</subfield></datafield><datafield ind1=" " ind2=" " tag="084"><subfield code="a">A 12 e</subfield><subfield code="2">cjurrom</subfield></datafield><datafield ind1=" " ind2=" " tag="084"><subfield code="a">A 17 e</subfield><subfield code="2">cjurrom</subfield></datafield><datafield ind1=" " ind2=" " tag="084"><subfield code="a">CA/F 17 e</subfield><subfield code="2">cjurrom</subfield></datafield><datafield ind1="0" ind2="0" tag="245"><subfield code="a">&lt;&lt;La&gt;&gt; responsabilité</subfield><subfield code="b">actes des journées internationales de la Société d'histoire du droit de Tours (1er-4 juin 2017)</subfield><subfield code="c">textes réunis par Alexandre Deroche</subfield></datafield><datafield ind1=" " ind2="1" tag="264"><subfield code="a">Limoges</subfield><subfield code="b">PULIM</subfield><subfield code="c">2019</subfield></datafield><datafield ind1=" " ind2=" " tag="300"><subfield code="a">787 p.</subfield></datafield><datafield ind1=" " ind2=" " tag="336"><subfield code="b">txt</subfield><subfield code="2">rdacontent</subfield></datafield><datafield ind1=" " ind2=" " tag="337"><subfield code="b">n</subfield><subfield code="2">rdamedia</subfield></datafield><datafield ind1=" " ind2=" " tag="338"><subfield code="b">nc</subfield><subfield code="2">rdacarrier</subfield></datafield><datafield ind1="1" ind2=" " tag="490"><subfield code="a">Cahiers internationaux d'anthropologie juridique</subfield><subfield code="v">53</subfield></datafield><datafield ind1=" " ind2="7" tag="650"><subfield code="a">Responsabilité (droit)</subfield><subfield code="0">(IDREF)027480259</subfield><subfield code="2">idref</subfield></datafield><datafield ind1=" " ind2="7" tag="650"><subfield code="a">Histoire</subfield><subfield code="0">(IDREF)02726470X</subfield><subfield code="2">idref</subfield></datafield><datafield ind1=" " ind2="7" tag="655"><subfield code="a">Actes de congrès</subfield><subfield code="0">(IDREF)02886431X</subfield><subfield code="2">idref</subfield></datafield><datafield ind1="1" ind2=" " tag="700"><subfield code="a">Deroche, Alexandre</subfield><subfield code="c">juriste</subfield><subfield code="d">19..-....</subfield><subfield code="0">(IDREF)07982935X</subfield><subfield code="4">edt</subfield></datafield><datafield ind1=" " ind2=" " tag="830"><subfield code="a">Cahiers internationaux d'anthropologie juridique</subfield><subfield code="v">53</subfield><subfield code="w">(RERO)R008971970-41slsp</subfield></datafield><datafield ind1=" " ind2=" " tag="900"><subfield code="a">REROnoselfmerge</subfield></datafield></record>
</metadata></record>