<record><header><identifier>oai:alma.41SLSP_UGE:991000763739705502</identifier><datestamp>2024-03-20T02:53:27Z</datestamp><setSpec>uge_bcen_RapidILL_BOOK</setSpec><setSpec>uge_aaca_RapidILL_BOOK</setSpec><setSpec>uge_abels_RapidILL_BOOK</setSpec><setSpec>uge_dbu_RapidILL_BOOK</setSpec><setSpec>uge_cmu_RapidILL_BOOK</setSpec><setSpec>uge_mail_RapidILL_BOOK</setSpec><setSpec>uge_abbat_RapidILL_BOOK</setSpec><setSpec>UNIGE_ALL</setSpec><setSpec>uge_aobs_RapidILL_BOOK</setSpec><setSpec>uge_acar_RapidILL_BOOK</setSpec></header><metadata>
<record xmlns="http://www.loc.gov/MARC21/slim" xmlns:xsi="http://www.w3.org/2001/XMLSchema-instance" xsi:schemaLocation="http://www.loc.gov/MARC21/slim http://www.loc.gov/standards/marcxml/schema/MARC21slim.xsd"><leader>01048nam a22002657c 4500</leader><controlfield tag="001">991000763739705502</controlfield><controlfield tag="005">20240319214537.0</controlfield><controlfield tag="008">050119s1547    it ||||| |||| 00| ||ita d</controlfield><datafield ind1=" " ind2=" " tag="035"><subfield code="a">(swissbib)101476345-41slsp_network</subfield></datafield><datafield ind1=" " ind2=" " tag="035"><subfield code="a">101476345</subfield><subfield code="9">ExL</subfield></datafield><datafield ind1=" " ind2=" " tag="035"><subfield code="a">(RERO)R003774506-41slsp</subfield></datafield><datafield ind1=" " ind2=" " tag="035"><subfield code="a">(EXLNZ-41SLSP_NETWORK)991079198809705501</subfield></datafield><datafield ind1=" " ind2=" " tag="040"><subfield code="a">RERO geulit</subfield><subfield code="d">CH-ZuSLS</subfield></datafield><datafield ind1=" " ind2="7" tag="072"><subfield code="a">it</subfield><subfield code="2">rero</subfield></datafield><datafield ind1="1" ind2=" " tag="100"><subfield code="a">Bottazzo, Giovanni Iacopo</subfield><subfield code="0">(RERO)A011261529</subfield><subfield code="4">cre</subfield></datafield><datafield ind1="1" ind2="0" tag="245"><subfield code="a">Dialogi maritimi di m. Gioan Iacopo Bottazzo. Et alcune rime maritime di m. Nicolo Franco, et d'altri diversi spiriti, dell'Accademia de gli Argonauti</subfield></datafield><datafield ind1=" " ind2="1" tag="264"><subfield code="a">In Mantova</subfield><subfield code="b">per Iacopo Ruffinelli</subfield><subfield code="c">1547</subfield></datafield><datafield ind1=" " ind2=" " tag="300"><subfield code="a">168 f.</subfield><subfield code="c">8°</subfield></datafield><datafield ind1=" " ind2=" " tag="336"><subfield code="b">txt</subfield><subfield code="2">rdacontent</subfield></datafield><datafield ind1=" " ind2=" " tag="337"><subfield code="b">n</subfield><subfield code="2">rdamedia</subfield></datafield><datafield ind1=" " ind2=" " tag="338"><subfield code="b">nc</subfield><subfield code="2">rdacarrier</subfield></datafield><datafield ind1="1" ind2=" " tag="700"><subfield code="a">Ruffinelli, Giacomo</subfield><subfield code="c">imprimeur-libraire</subfield><subfield code="d">15..-159.?</subfield><subfield code="0">(IDREF)121489477</subfield><subfield code="4">prt</subfield></datafield><datafield ind1="1" ind2=" " tag="700"><subfield code="a">Franco, Nicolò</subfield><subfield code="d">1515-1570</subfield><subfield code="0">(IDREF)032649630</subfield></datafield><datafield ind1="2" ind2=" " tag="710"><subfield code="a">Accademia cosmografica degli Argonauti</subfield><subfield code="g">Venezia</subfield><subfield code="0">(IDREF)137298765</subfield></datafield><datafield ind1=" " ind2=" " tag="751"><subfield code="a">Mantova</subfield><subfield code="4">pup</subfield><subfield code="0">(RERO)A000000284</subfield></datafield><datafield ind1=" " ind2=" " tag="900"><subfield code="a">REROswissbibnomerge</subfield></datafield></record>
</metadata></record>