<record><header><identifier>oai:alma.41SLSP_UGE:991000764259705502</identifier><datestamp>2023-03-01T01:09:40Z</datestamp><setSpec>uge_bcen_RapidILL_BOOK</setSpec><setSpec>uge_aaca_RapidILL_BOOK</setSpec><setSpec>uge_abels_RapidILL_BOOK</setSpec><setSpec>uge_dbu_RapidILL_BOOK</setSpec><setSpec>uge_cmu_RapidILL_BOOK</setSpec><setSpec>uge_mail_RapidILL_BOOK</setSpec><setSpec>UNIGE_ALL</setSpec><setSpec>uge_abbat_RapidILL_BOOK</setSpec><setSpec>uge_acar_RapidILL_BOOK</setSpec><setSpec>uge_aobs_RapidILL_BOOK</setSpec></header><metadata>
<record xmlns="http://www.loc.gov/MARC21/slim" xmlns:xsi="http://www.w3.org/2001/XMLSchema-instance" xsi:schemaLocation="http://www.loc.gov/MARC21/slim http://www.loc.gov/standards/marcxml/schema/MARC21slim.xsd"><leader>01220nam a2200337 c 4500</leader><controlfield tag="001">991000764259705502</controlfield><controlfield tag="005">20230205214016.0</controlfield><controlfield tag="008">150513s2015    it ||||| |||| 00| ||ita d</controlfield><datafield ind1=" " ind2=" " tag="020"><subfield code="a">8862745834</subfield></datafield><datafield ind1=" " ind2=" " tag="020"><subfield code="a">9788862745833</subfield></datafield><datafield ind1=" " ind2=" " tag="035"><subfield code="a">(swissbib)121577473-41slsp_network</subfield></datafield><datafield ind1=" " ind2=" " tag="035"><subfield code="a">121577473</subfield><subfield code="9">ExL</subfield></datafield><datafield ind1=" " ind2=" " tag="035"><subfield code="a">(RERO)R008147041-41slsp</subfield></datafield><datafield ind1=" " ind2=" " tag="035"><subfield code="a">(EXLNZ-41SLSP_NETWORK)991006883489705501</subfield></datafield><datafield ind1=" " ind2=" " tag="040"><subfield code="a">C3L</subfield><subfield code="d">CH-ZuSLS</subfield></datafield><datafield ind1=" " ind2="7" tag="072"><subfield code="a">it</subfield><subfield code="2">rero</subfield></datafield><datafield ind1="0" ind2="0" tag="245"><subfield code="a">D'Annunzio drammaturgo d'avanguardia</subfield><subfield code="b">Le martyre de Saint Sébastien e La Pisanelle</subfield><subfield code="c">a cura di Carlo Santoli</subfield></datafield><datafield ind1=" " ind2="1" tag="264"><subfield code="a">Alessandria</subfield><subfield code="b">Edizioni dell'Orso</subfield><subfield code="c">2015</subfield></datafield><datafield ind1=" " ind2=" " tag="300"><subfield code="a">191 p.</subfield></datafield><datafield ind1=" " ind2=" " tag="336"><subfield code="b">txt</subfield><subfield code="2">rdacontent</subfield></datafield><datafield ind1=" " ind2=" " tag="337"><subfield code="b">n</subfield><subfield code="2">rdamedia</subfield></datafield><datafield ind1=" " ind2=" " tag="338"><subfield code="b">nc</subfield><subfield code="2">rdacarrier</subfield></datafield><datafield ind1="1" ind2=" " tag="490"><subfield code="a">Contributi e proposte</subfield><subfield code="v">19</subfield></datafield><datafield ind1=" " ind2=" " tag="500"><subfield code="a">Collected essays</subfield></datafield><datafield ind1=" " ind2=" " tag="500"><subfield code="a">Gabriele D'Annunzio (1863-1938)</subfield></datafield><datafield ind1="1" ind2="7" tag="600"><subfield code="a">D'Annunzio, Gabriele</subfield><subfield code="d">1863-1938</subfield><subfield code="0">(IDREF)026653095</subfield><subfield code="2">idref</subfield></datafield><datafield ind1=" " ind2="7" tag="650"><subfield code="a">Théâtre (genre littéraire)</subfield><subfield code="0">(IDREF)027331954</subfield><subfield code="2">idref</subfield></datafield><datafield ind1=" " ind2="7" tag="655"><subfield code="a">[Études diverses]</subfield><subfield code="0">(RERO)A022249905</subfield><subfield code="2">rero</subfield></datafield><datafield ind1="1" ind2=" " tag="700"><subfield code="a">Santoli, Carlo</subfield><subfield code="d">1968-....</subfield><subfield code="0">(IDREF)03509236X</subfield></datafield><datafield ind1=" " ind2=" " tag="830"><subfield code="a">Contributi e proposte</subfield><subfield code="p">Ed. dell'Orso</subfield><subfield code="v">19</subfield><subfield code="w">(RERO)1103550-41slsp</subfield></datafield><datafield ind1=" " ind2=" " tag="900"><subfield code="a">REROnoselfmerge</subfield></datafield><datafield ind1=" " ind2=" " tag="910"><subfield code="a">OCoLC</subfield><subfield code="b">20150513</subfield><subfield code="c">Droits réservés</subfield></datafield><datafield ind1=" " ind2=" " tag="993"><subfield code="a">BFLA 264561</subfield><subfield code="x">ge/ulit/a/15/322</subfield><subfield code="9">LOCAL</subfield></datafield></record>
</metadata></record>