<record><header><identifier>oai:alma.41SLSP_UGE:991000763529705502</identifier><datestamp>2023-03-01T01:09:40Z</datestamp><setSpec>uge_bcen_RapidILL_BOOK</setSpec><setSpec>uge_aaca_RapidILL_BOOK</setSpec><setSpec>uge_abels_RapidILL_BOOK</setSpec><setSpec>uge_dbu_RapidILL_BOOK</setSpec><setSpec>uge_cmu_RapidILL_BOOK</setSpec><setSpec>uge_mail_RapidILL_BOOK</setSpec><setSpec>UNIGE_ALL</setSpec><setSpec>uge_abbat_RapidILL_BOOK</setSpec><setSpec>uge_aobs_RapidILL_BOOK</setSpec><setSpec>uge_acar_RapidILL_BOOK</setSpec></header><metadata>
<record xmlns="http://www.loc.gov/MARC21/slim" xmlns:xsi="http://www.w3.org/2001/XMLSchema-instance" xsi:schemaLocation="http://www.loc.gov/MARC21/slim http://www.loc.gov/standards/marcxml/schema/MARC21slim.xsd"><leader>01699nam a2200325 c 4500</leader><controlfield tag="001">991000763529705502</controlfield><controlfield tag="005">20230207171123.0</controlfield><controlfield tag="008">000831s1999    fr ||||| |||| 00| ||fre d</controlfield><datafield ind1=" " ind2=" " tag="035"><subfield code="a">(swissbib)09509993X-41slsp_network</subfield></datafield><datafield ind1=" " ind2=" " tag="035"><subfield code="a">09509993X</subfield><subfield code="9">ExL</subfield></datafield><datafield ind1=" " ind2=" " tag="035"><subfield code="a">(RERO)R260861660-41slsp</subfield></datafield><datafield ind1=" " ind2=" " tag="035"><subfield code="a">(EXLNZ-41SLSP_NETWORK)991126067849705501</subfield></datafield><datafield ind1=" " ind2=" " tag="040"><subfield code="a">RERO geuchr</subfield><subfield code="d">CH-ZuSLS</subfield></datafield><datafield ind1=" " ind2="7" tag="072"><subfield code="a">th</subfield><subfield code="2">rero</subfield></datafield><datafield ind1="0" ind2="0" tag="245"><subfield code="a">Autour du 500e anniversaire de Catherine Schütz-Zell (1498-1562)</subfield><subfield code="b">paroles féminines, discours sur les femmes dans le protestantisme (XVIe-XVIIe siècles) : actes de la journée d'études organisée le 29 octobre 1998 à la Faculté de théologie protestante par le Groupe de recherches sur les non-conformistes religieux des XVIe et XVIIe siècles et l'histoire des protestantismes (GRENEP)</subfield><subfield code="c">rassemblés par Matthieu Arnold</subfield></datafield><datafield ind1=" " ind2="1" tag="264"><subfield code="a">Paris</subfield><subfield code="b">Positions luthériennes</subfield><subfield code="c">1999</subfield></datafield><datafield ind1=" " ind2=" " tag="300"><subfield code="a">P. [89]-214</subfield><subfield code="c">23 cm</subfield></datafield><datafield ind1=" " ind2=" " tag="336"><subfield code="b">txt</subfield><subfield code="2">rdacontent</subfield></datafield><datafield ind1=" " ind2=" " tag="337"><subfield code="b">n</subfield><subfield code="2">rdamedia</subfield></datafield><datafield ind1=" " ind2=" " tag="338"><subfield code="b">nc</subfield><subfield code="2">rdacarrier</subfield></datafield><datafield ind1="1" ind2=" " tag="490"><subfield code="a">Positions luthériennes</subfield><subfield code="v">année 47, No 2</subfield></datafield><datafield ind1="1" ind2="7" tag="600"><subfield code="a">Zell, Katharina</subfield><subfield code="d">1498-1562</subfield><subfield code="0">(IDREF)050455893</subfield><subfield code="2">idref</subfield></datafield><datafield ind1="1" ind2="7" tag="600"><subfield code="a">Bora, Katharina von</subfield><subfield code="0">(RERO)A010055618</subfield><subfield code="2">rero</subfield></datafield><datafield ind1="1" ind2="7" tag="600"><subfield code="a">Luther, Martin</subfield><subfield code="d">1483-1546</subfield><subfield code="t">Tischreden</subfield><subfield code="0">(IDREF)060362839</subfield><subfield code="2">idref</subfield></datafield><datafield ind1=" " ind2="7" tag="650"><subfield code="a">Réforme protestante</subfield><subfield code="0">(IDREF)027341836</subfield><subfield code="2">idref</subfield></datafield><datafield ind1=" " ind2="7" tag="650"><subfield code="a">Femmes</subfield><subfield code="0">(IDREF)027537242</subfield><subfield code="2">idref</subfield></datafield><datafield ind1=" " ind2="7" tag="655"><subfield code="a">Actes de congrès</subfield><subfield code="0">(IDREF)02886431X</subfield><subfield code="2">idref</subfield></datafield><datafield ind1="1" ind2=" " tag="700"><subfield code="a">Arnold, Matthieu</subfield><subfield code="d">1965-....</subfield><subfield code="0">(IDREF)032368518</subfield></datafield><datafield ind1="2" ind2=" " tag="710"><subfield code="a">Groupe de recherches sur les non-conformismes religieux du XVI° siècle et l'histoire des protestantismes</subfield><subfield code="g">Strasbourg</subfield><subfield code="0">(IDREF)02660681X</subfield></datafield><datafield ind1=" " ind2=" " tag="830"><subfield code="a">Positions luthériennes</subfield><subfield code="v">33,1</subfield><subfield code="w">(RERO)0277064-41slsp</subfield></datafield><datafield ind1=" " ind2=" " tag="900"><subfield code="a">REROnoselfmerge</subfield></datafield><datafield ind1=" " ind2=" " tag="993"><subfield code="a">IHR L 1127</subfield><subfield code="x">ge/uihr/3558</subfield><subfield code="9">LOCAL</subfield></datafield></record>
</metadata></record>