<record><header><identifier>oai:alma.41SLSP_UGE:991000764049705502</identifier><datestamp>2024-05-20T00:39:19Z</datestamp><setSpec>uge_bcen_RapidILL_BOOK</setSpec><setSpec>uge_aaca_RapidILL_BOOK</setSpec><setSpec>uge_abels_RapidILL_BOOK</setSpec><setSpec>uge_dbu_RapidILL_BOOK</setSpec><setSpec>uge_cmu_RapidILL_BOOK</setSpec><setSpec>uge_mail_RapidILL_BOOK</setSpec><setSpec>uge_abbat_RapidILL_BOOK</setSpec><setSpec>UNIGE_ALL</setSpec><setSpec>uge_acar_RapidILL_BOOK</setSpec><setSpec>uge_aobs_RapidILL_BOOK</setSpec></header><metadata>
<record xmlns="http://www.loc.gov/MARC21/slim" xmlns:xsi="http://www.w3.org/2001/XMLSchema-instance" xsi:schemaLocation="http://www.loc.gov/MARC21/slim http://www.loc.gov/standards/marcxml/schema/MARC21slim.xsd"><leader>04141nam a2200889 c 4500</leader><controlfield tag="001">991000764049705502</controlfield><controlfield tag="005">20230616110411.0</controlfield><controlfield tag="008">201011t2008    be ||||| |||| 10| ||fre d</controlfield><datafield ind1=" " ind2=" " tag="020"><subfield code="a">2877239500</subfield><subfield code="q">alk. paper</subfield></datafield><datafield ind1=" " ind2=" " tag="020"><subfield code="a">9042918365</subfield><subfield code="q">alk. paper</subfield></datafield><datafield ind1=" " ind2=" " tag="020"><subfield code="a">9789042918368</subfield><subfield code="q">pbk</subfield></datafield><datafield ind1=" " ind2=" " tag="020"><subfield code="a">9782877239509</subfield><subfield code="q">Peeters France</subfield></datafield><datafield ind1=" " ind2=" " tag="035"><subfield code="a">(swissbib)22200066X-41slsp_network</subfield></datafield><datafield ind1=" " ind2=" " tag="035"><subfield code="a">22200066X</subfield><subfield code="9">ExL</subfield></datafield><datafield ind1=" " ind2=" " tag="035"><subfield code="a">(RERO)R004693155-41slsp</subfield></datafield><datafield ind1=" " ind2=" " tag="035"><subfield code="a">(IDSBB)004610192DSV01</subfield></datafield><datafield ind1=" " ind2=" " tag="035"><subfield code="a">(NEBIS)005648629EBI01</subfield></datafield><datafield ind1=" " ind2=" " tag="035"><subfield code="a">(EXLNZ-41SLSP_NETWORK)991067888139705501</subfield></datafield><datafield ind1=" " ind2=" " tag="040"><subfield code="a">DLC</subfield><subfield code="d">CH-ZuSLS</subfield><subfield code="d">CH-ZuSLS UZB UKPHS</subfield></datafield><datafield ind1="1" ind2=" " tag="041"><subfield code="a">fre</subfield><subfield code="a">grc</subfield><subfield code="h">grc</subfield></datafield><datafield ind1="0" ind2="0" tag="050"><subfield code="a">B434.A6</subfield><subfield code="b">H43 2006</subfield></datafield><datafield ind1=" " ind2="7" tag="072"><subfield code="a">ph</subfield><subfield code="2">rero</subfield></datafield><datafield ind1=" " ind2="7" tag="072"><subfield code="a">ph</subfield><subfield code="2">SzZuIDS BS/BE</subfield></datafield><datafield ind1=" " ind2="7" tag="072"><subfield code="a">po</subfield><subfield code="2">SzZuIDS BS/BE</subfield></datafield><datafield ind1="1" ind2=" " tag="080"><subfield code="a">1&quot;-0355&quot;Ari7Met</subfield></datafield><datafield ind1="0" ind2="0" tag="082"><subfield code="a">110</subfield><subfield code="2">22</subfield></datafield><datafield ind1="0" ind2="4" tag="082"><subfield code="a">185</subfield><subfield code="2">22</subfield></datafield><datafield ind1="1" ind2="4" tag="082"><subfield code="a">185</subfield><subfield code="2">22</subfield></datafield><datafield ind1="1" ind2="4" tag="082"><subfield code="a">320</subfield><subfield code="2">15</subfield></datafield><datafield ind1="7" ind2="4" tag="082"><subfield code="a">880</subfield><subfield code="2">23sdnb</subfield></datafield><datafield ind1="7" ind2="4" tag="082"><subfield code="a">100</subfield><subfield code="2">23sdnb</subfield></datafield><datafield ind1=" " ind2=" " tag="084"><subfield code="a">CD 2065</subfield><subfield code="2">rvk</subfield></datafield><datafield ind1=" " ind2=" " tag="084"><subfield code="a">FH 33121</subfield><subfield code="2">rvk</subfield></datafield><datafield ind1="0" ind2=" " tag="100"><subfield code="6">880-01</subfield><subfield code="a">Aristote</subfield><subfield code="c">philosophe</subfield><subfield code="d">0384-0322 av. J.-C.</subfield><subfield code="0">(IDREF)026690276</subfield><subfield code="4">aut</subfield></datafield><datafield ind1="0" ind2=" " tag="880"><subfield code="a">Aristoteles</subfield><subfield code="d">v384-v322</subfield><subfield code="6">100-01</subfield><subfield code="0">(DE-588)118650130</subfield></datafield><datafield ind1="0" ind2=" " tag="880"><subfield code="6">100-01</subfield><subfield code="a">Aristoteles</subfield><subfield code="d">v384-v322</subfield><subfield code="0">(DE-588)118650130</subfield></datafield><datafield ind1="1" ind2="0" tag="240"><subfield code="a">Metaphysica</subfield></datafield><datafield ind1="1" ind2="0" tag="245"><subfield code="a">Métaphysique Gamma</subfield><subfield code="c">Aristote ; édition, traduction, études par M. Hecquet-Devienne ; onze études réunies par A. Stevens</subfield></datafield><datafield ind1="1" ind2="0" tag="246"><subfield code="a">&quot;Métaphysique&quot; Gamma</subfield></datafield><datafield ind1=" " ind2="1" tag="264"><subfield code="a">Louvain-la-Neuve</subfield><subfield code="b">Peeters</subfield><subfield code="c">2008</subfield></datafield><datafield ind1=" " ind2=" " tag="300"><subfield code="a">482 Seiten</subfield></datafield><datafield ind1=" " ind2=" " tag="336"><subfield code="b">txt</subfield><subfield code="2">rdacontent</subfield></datafield><datafield ind1=" " ind2=" " tag="337"><subfield code="b">n</subfield><subfield code="2">rdamedia</subfield></datafield><datafield ind1=" " ind2=" " tag="338"><subfield code="b">nc</subfield><subfield code="2">rdacarrier</subfield></datafield><datafield ind1="1" ind2=" " tag="490"><subfield code="a">Aristote, traductions et études</subfield><subfield code="v">22</subfield></datafield><datafield ind1=" " ind2=" " tag="500"><subfield code="a">Part 2 consists of the proceedings of a colloquium held in Dec. 2004 at the Université de Liège</subfield></datafield><datafield ind1=" " ind2=" " tag="500"><subfield code="a">Teil 2 enthält Beiträge eines Kolloquiums, das im Dez. 2004 an der Université de Liège gehalten wurde</subfield></datafield><datafield ind1=" " ind2=" " tag="500"><subfield code="a">Einf. und Studien franz., Text griech. mit franz. Uebers. parallel angeordnet</subfield></datafield><datafield ind1=" " ind2=" " tag="500"><subfield code="a">Originaltitel: Metaphysica (Lat. Zitiertitel)</subfield></datafield><datafield ind1=" " ind2=" " tag="504"><subfield code="a">Includes bibliographical references and index</subfield></datafield><datafield ind1="0" ind2=" " tag="505"><subfield code="a">Introduction, texte grec et traduction / par M. Hecquet-Devienne -- Onze études / réunies par A. Stevens</subfield></datafield><datafield ind1=" " ind2=" " tag="520"><subfield code="a">This volume includes a new translation of Aristotle's Metaphysics Gamma, which was the starting point of a colloquium held in 2004, the contributions to which are also collected here. They concern the interpretation of this difficult yet basic text and examine whether this new translation can change the major interpretative propositions of the last decades. French text.</subfield></datafield><datafield ind1="0" ind2="7" tag="600"><subfield code="a">Aristote.</subfield><subfield code="t">Métaphysique.</subfield><subfield code="p">Livre Gamma</subfield><subfield code="0">(RERO)A010045188</subfield><subfield code="2">rero</subfield></datafield><datafield ind1="0" ind2="7" tag="600"><subfield code="a">Aristoteles; Ta meta ta physika 4</subfield><subfield code="2">idszbz</subfield></datafield><datafield ind1="0" ind2="7" tag="600"><subfield code="a">Aristoteles</subfield><subfield code="d">v384-v322</subfield><subfield code="0">(DE-588)118650130</subfield><subfield code="2">gnd</subfield></datafield><datafield ind1="0" ind2="7" tag="600"><subfield code="a">Aristoteles</subfield><subfield code="d">v384-v322</subfield><subfield code="t">Metaphysica</subfield><subfield code="n">4</subfield><subfield code="0">(DE-588)4363657-3</subfield><subfield code="2">gnd</subfield></datafield><datafield ind1="0" ind2="0" tag="600"><subfield code="a">Aristotle</subfield><subfield code="t">Metaphysics</subfield><subfield code="n">Book 4</subfield></datafield><datafield ind1=" " ind2="7" tag="650"><subfield code="a">Ontologie</subfield><subfield code="2">idszbz</subfield></datafield><datafield ind1=" " ind2="7" tag="650"><subfield code="a">Widerspruch</subfield><subfield code="2">idszbz</subfield></datafield><datafield ind1=" " ind2="7" tag="650"><subfield code="a">Metaphysik</subfield><subfield code="0">(DE-588)4038936-4</subfield><subfield code="2">gnd</subfield></datafield><datafield ind1=" " ind2="7" tag="650"><subfield code="a">Ontologie</subfield><subfield code="0">(DE-588)4075660-9</subfield><subfield code="2">gnd</subfield></datafield><datafield ind1=" " ind2="0" tag="650"><subfield code="a">Metaphysics</subfield><subfield code="v">Early works to 1800</subfield></datafield><datafield ind1=" " ind2="7" tag="651"><subfield code="a">Griechenland (Altertum)</subfield><subfield code="2">idszbz</subfield></datafield><datafield ind1=" " ind2="7" tag="655"><subfield code="a">Actes de congrès</subfield><subfield code="0">(IDREF)02886431X</subfield><subfield code="2">idref</subfield></datafield><datafield ind1=" " ind2="7" tag="655"><subfield code="a">Konferenzschrift</subfield><subfield code="z">Lüttich</subfield><subfield code="y">2004</subfield><subfield code="2">gnd-content</subfield></datafield><datafield ind1=" " ind2="7" tag="655"><subfield code="a">Aufsatzsammlung</subfield><subfield code="2">gnd-content</subfield></datafield><datafield ind1=" " ind2="7" tag="655"><subfield code="a">Quelle</subfield><subfield code="2">idszbz</subfield></datafield><datafield ind1="0" ind2="2" tag="700"><subfield code="a">Aristoteles</subfield><subfield code="d">v384-v322</subfield><subfield code="t">Metaphysica</subfield><subfield code="n">4</subfield><subfield code="0">(DE-588)4363657-3</subfield></datafield><datafield ind1="1" ind2=" " tag="700"><subfield code="6">880-02</subfield><subfield code="a">Hecquet-Devienne, Myriam</subfield><subfield code="d">1959-</subfield><subfield code="4">edt</subfield><subfield code="4">trl</subfield><subfield code="4">win</subfield><subfield code="0">(DE-588)119112570X</subfield></datafield><datafield ind1="1" ind2=" " tag="880"><subfield code="6">700-02</subfield><subfield code="a">Hecquet-Devienne, Myriam</subfield><subfield code="d">1959-....</subfield><subfield code="0">(IDREF)125985967</subfield><subfield code="4">edt</subfield></datafield><datafield ind1="1" ind2=" " tag="700"><subfield code="a">Stevens, Annick</subfield><subfield code="d">1965-....</subfield><subfield code="0">(IDREF)056843437</subfield><subfield code="4">edt</subfield></datafield><datafield ind1="4" ind2=" " tag="856"><subfield code="3">Titelblatt und Inhaltsverzeichnis</subfield><subfield code="u">https://toc.library.ethz.ch/objects/pdf/z01_978-90-429-1836-8_01.pdf</subfield><subfield code="q">pdf</subfield></datafield><datafield ind1=" " ind2="0" tag="830"><subfield code="a">Aristote, traductions et études</subfield><subfield code="v">22</subfield><subfield code="w">(RERO)0093574-41slsp</subfield></datafield><datafield ind1=" " ind2=" " tag="900"><subfield code="a">REROnoselfmerge</subfield></datafield><datafield ind1=" " ind2=" " tag="900"><subfield code="a">IDSZ2zbzmon200809e</subfield><subfield code="c">IDSZ2baeh</subfield><subfield code="d">IDSZ2zbzswk200810b</subfield><subfield code="e">IDSZ2somm</subfield></datafield><datafield ind1=" " ind2=" " tag="900"><subfield code="a">OK_GND</subfield><subfield code="x">UZB/UKPHS/202306/urmuell</subfield></datafield><datafield ind1=" " ind2=" " tag="900"><subfield code="a">Stoppsignal FRED</subfield><subfield code="x">UZB/UKPHS/202306</subfield></datafield><datafield ind1=" " ind2=" " tag="949"><subfield code="a">https://toc.library.ethz.ch/objects/pdf/z01_978-90-429-1836-8_01.pdf</subfield></datafield></record>
</metadata></record>